1000 1564
230 147 16 22 40

449 146 327 26 I. EPIST. D. PAVLI

150 225 82 25 Lex quonioᛘ

149 241 70 27 do ſeruiat

151 262 57 31 iniustis.

152 351 68 36 Apoſtolus

151 371 78 35 Pallus Inuſiᛘ

151 394 78 32 tataration¬

152 417 77 28 ad reſipiſcẽ¬

151 435 78 27 tiam & mu¬

152 453 77 33 nus pertrahi¬

153 477 35 26 tur.

153 489 70 34 Diuerſitas

152 514 70 27 uocationis

155 529 75 34 Pauli in cir¬

151 550 79 32 sita eſt.

151 571 57 34 ſita eſt.

147 828 73 43 aguitio &

146 861 78 30 coſeßio pec.

146 881 78 40 cai exlege.

147 946 74 36 Lex humi¬

144 970 77 33 uat, proſte

144 991 77 28 nit & con¬

144 1010 77 33 terit cor bo

146 1033 52 30 minis.

170 1057 52 46 Lucais

146 1129 78 46 ordoconfe

144 1163 80 42 fious Paui

147 1188 33 23 ne.

148 1202 65 37 2. Blaſphe

148 1230 37 24 mus.

147 1243 73 40 2. Perſecu¬

147 1266 33 27 tor.

227 169 696 26 vtfideles elſe in officio pergant, donis à Deo ſibi collatis rectè vtantur, deniq quic¬

228 184 694 33 quid faciunt, ad Dei conuertãt gloriã & hominũ vtilitatem, quod quo poſsint, à Deo

229 205 371 28 precationibus impetrare ſinguli contendent.

256 231 667 27 Qui prius eram blaſphemus & perſecutor & violentus.) Altera pars de Vſu legis, pro

230 248 693 30 vt ea ſeruit iniuſtis. Ex lege agnoſcit Apoſtolus, quàm grauiter ante vocationẽ & iuſti

229 265 695 34 ficationem peccauerit, & ad peccatorum confeſsionem adducitur. Obnciat fortè ali¬

231 287 693 34 quis, in conuerſione Pauli non ſpectari eundem modum, qui in illis, quos ſuis ſermo¬

231 311 692 34 nibus ad pœnitentiam permouerunt Apoſtoli Act.2. &3 deprehenditur: vel in alijs,

231 334 693 30 quos piæ conciones vel meditationes de lege diuina, ad peccatorum agnitionem &

233 353 690 35 confeísionem inducunt. Siquidem Apoſtolus ſubito & inſolito modo, ac potius mii¬

233 372 690 35 raculo quàm confuetudine ordinaria eſt ad reſipiſcentiam ac vitam meliorem pertra¬

233 396 690 35 ctus. Reſpondeo, verum quidem eſt, aliquid eſſe diſsimilitudinis in conuerſione &

233 415 688 37 pœnitentia Pauli Apoſtoli & aliorum: Sed id magis poſitum eſt in circumſtantijs, 

233 437 688 36 in negocij ſumma. Negari enim haud poteſt, Paulum Vim legis, prout ea ſeruit iniu¬

233 454 688 42 ſtis, mirabiliter ac longe efficaciſsime eſſe in ſe expertum, primo, quando, vt ſcribitur,

234 479 687 37 Act.9. circumſulgurauit eum ſubitò Lux de cœlo & collapſus eſtin terram: præterea

233 503 688 35 audiuit vocem dicentem. Saule Saule quid me perſequeris? Certum eſt, tũ audiuit A¬

233 525 683 32 poſtolus grauem de lege concionem, quin etiam ſenſit toto animo & corpore ſuo a¬

233 544 688 35 cerbam legis iram & vindictam: audiuit ipſum legislatorem ipſum́ Deum ſua voce

231 567 691 35 damnantem in ipſo peccata ac ſeueriſsime ea vlciſcentem. Quid autẽ obſecrò eſt vim

230 592 692 31 legis experiri, ſi hoc non eſt? Ac propterea etiam Apoſtolus ſtatim edit cõfeſsionem,

230 609 692 36 qua conteſtatur, ſe agnoſcere ac dolere ob peccata antè acta, & velle deinceps vitam

230 635 691 29 aliter inſtituere, quando nimirum proſtratus in terra, tremens & obſtupefactus, ait,

217 652 705 37 „ Domine, quid me vis facere ? Conferantur igitur hæc de Conuerſione Pauli cum ijs

227 677 695 30 quæ actor.2.&3.referuntur de conuerſione illorum, qui auditis Apoſtolorum ſermo¬

227 698 695 30 nibus compuncti ſunt corde, & humiliter quæſierunt, quid ſe facere oporteret, quo ſa

226 718 695 32 lutem conſequerentur. Et haud dubiè nullum in his, quod ad confeſsionis modũ atti¬

226 737 695 34 net, diſcrimen inuenietur, niſi quòd in cauſa Pauli circumſtantiæ quædam magis ſunt

227 758 694 38 illuſtres. Ergo Apoſtolus ad comprobandum vſum legis, vt ſeruit iniuſtis ac pecca¬

226 784 696 30 toribus, ſuũ exemplum at experientiam peraptè adhibet. Secundò Apoſtolus e¬

226 802 696 33 tiam à vocatione & iuſtificatione eundẽ legis vſum in ſeipſo demõſtrat, quando ante

227 827 695 30 actorũ criminũ recordatione affectus ob ea ſe dolere, & niſi per miſericordiã Dei cle¬

229 841 691 38 menter eſſet abſolutus, damnationẽ æternã finiſſe promeritũ confitef. Etenim agnitio,

229 865 690 38 & cõfeſsio peccatorũ ſemper à lege eſt, & quotiescũ peccata ſua quiſquã explorat,

229 886 692 36 toties vis legis, prout ipſa iniuſtis & peccatoribus poſita eſt, ſeſe in eo exerit. Porrò in

227 908 696 39 hac cõfelsione Apoſtolus nõ tegit, nõ arnficioſa ambage circũloquit, nõ alio quouis

227 931 696 34 modo extenuat ſua peccata, ſed ſimpliciter q̃ grauiſsima ſunt quaſi capita omniũ fla

226 954 695 33 gitiorũ, recẽſet. Id aũt tribꝰ de cauſis. Prima. hoc facto clarius oſtẽdit effectũ legis, quæ

226 974 694 34 hominẽ humiliat, pſternit & corda planè cõterit. Quo maiora ſunt peccata, eo maior

226 995 694 34 ſequi debet humiliatio, maximè cũ, vt Pſal.51.teſtaf, cor cõtritum & humiliatũ Deo in¬

226 1015 694 36 primis placeat. Secũda, retundit aduerſarios, qui cũ uerũ uſum legis nequaquã trade¬

226 1036 695 39 bãt, ſed potius è cõtrario quaſi homines legẽ exactè implerẽt, contendebãt ex lege pa

229 1060 692 33 rari iuſtitiã, at ita tumidos reddebant & inflatos. Exemplũ habemus in Phariſeo, qui

227 1084 695 31 vendicabat ſibi iuſtitiã, & præ ſe cõtemnebat publicanũ. Tertia ad amplificandã Dei

225 1103 696 33 miſericordiam, de qua mox uerba facit. Quanto grauiora peccata remittuntur, tanto

226 1128 696 32 magis illuſtratur Dei miſericordia, per quam illa remittuntur, quemadmodum docet

228 1144 691 34 Chriſtus Lucæ7. quando mulieri peccatrici pecçata remiſit. Sed eſt inſuper notan¬

228 1167 691 34 dus in hac confeſsione ordo decentiſsimus. Primûm fatetur Apoſtolus, ſe fuiſſe bla¬

226 1188 694 35 ſphemum: id autem eſt peccatum grauiſsimum, commiſſum in Deum, & pugnans

225 1209 691 36 cum præceptis primæ tabulæ. Secundò fatetur, ſe fuiſſe perſecutorem & uiolentum;

226 1231 696 34 hæc cõtra homines & quidẽ pios Chriſtũ conſitentes: quamobrẽ ſunt multõ grauiſsi

226 1253 695 35 ma, cõmittuntur́ cõtra præcepta ſecũdæ tabulæ. Cõſtituitigit Apoſtolus ſereum &

226 1278 696 43 tranſgreſſorem legis uniuerſæ. Nec difſicile eſſet demonſtrare, quomo do in hacbreui

826 1307 95 31 Enumera¬
