1000 1564
236.0 130.0 24.0 25.0 38

401.0 129.0 386.0 30.0 IN I. EPIST. D. PAVLI

173 190 55 27 Exod.5.7

162 752 64 27 Confulende

159 766 57 30 ſunt exen

160 783 69 48 pla Sorpe¬

160 810 43 65 2

234.0 152.0 696.0 27.0 nitentia, decet pro peccato grauiſsimo reputare. Erumpit namque in blaſphemiam

235.0 172.0 672.0 24.0 contra Spiritum ſanctum, quam Chriſtus Matthæi i2. irremiſsibilem pronunciat.

242 187 683 35 Sic Pharao, cum nollet audire Moſen, permanſit in diuinæ voluntatis ignoratione.

235.0 211.0 693.0 32.0 excæcatus eſt, & obduratus, pœnitentiam non egit, ideo́ exitio æterno deſtina¬

236.0 232.0 692.0 29.0 tus eſt. Exod. 14. Et de ludæis agnitam veritatem contemnentibus & à Deo reie¬

220.0 252.0 709.0 33.0 „ ctis plura occurrunt paſsim teſtimonia. Ierem.4. Stultus eſt populus meus, & me

220.0 279.0 710.0 27.0 „ non cognouerunt filij inſipientes, & non intelligentes ſunt: ſapientes quidem ſunt

234.0 300.0 695.0 27.0 ad male faciendum ſed bene facere neſcierunt. Vbi mox plura ſubijciuntur de corun¬

220.0 317.0 708.0 34.0 „ dem perpetua internecione. Pſalm. 81. Populus meus non audiuit vocem meam,

221.0 339.0 709.0 34.0 „ neque lſrael acquieuit mihi. Dimiſi igitur eum in grauitate cordis ſui, & ambularunt

222.0 360.0 707.0 32.0 „ in conſilijs ſuis. Ad Roman.1o. Zelum Dei habent, ſed non ex cognitione. Nam

222.0 384.0 708.0 31.0 „ ignorantes Dei iuſtitiam & propriam iuſtitiam quærentes conſtituere, iuſtitiæ Dei

222.0 403.0 708.0 33.0 „ non fuerunt ſubditi. Tandem eò rem deducit Apoſtolus, vt demonſtret ex prophe¬

236.0 427.0 692.0 35.0 tarum oraculis, ludæos propter obſtinatam ignorantiam & peruicaciam reprobatos

235.0 446.0 151.0 29.0 à Deo & exciſos.

256.0 474.0 672.0 27.0 Porrò admonendi ſunt pij, ut cautẽ circumſpecteq́ agant in omnibus, ac diligen¬

235.0 495.0 693.0 29.0 ter prouideant, ne propter ignorantiam mandatorum Dei, uel etiam conſtitutio.

234.0 515.0 692.0 28.0 num humanarum, præſertim quæ uerbo Dei nituntur, atque ob æquitatem meritò

235.0 537.0 691.0 28.0 commendantur, in uerbis aut factis, adde etiam in cauſis aut circumſtantijs ſiue præ¬

235.0 559.0 691.0 28.0 cedentibus ſiue comitantibus, ſiue adiunctis in negocijs delinquant, aut etiam offen¬

235.0 580.0 691.0 29.0 diculum præbeant reliquis. Siquidem latè ignorantiæ malum patet, & cùm mini¬

234.0 603.0 695.0 26.0 me credimus nos, omni ætate, quouis tempore, per ignorantiam tam noſtram, quàm

234.0 624.0 694.0 25.0 alienam, in peccata prolabimur. Frequenter ſuccurrat nobis apoſtolica admonitio

234.0 643.0 693.0 26.0 ad Epheſ. 5. Ne ſitis imprudentes, ſed intelligentes quæ ſit uoluntas Dei. Quin e¬

233.0 662.0 694.0 32.0 tiam crebrò debemus Deum precari, ut ignorantiam noſtram, & quæ per hanc ad¬

233.0 682.0 693.0 34.0 miſerimus, nobis condonet. Non enim de nihilo eſt, quod Deus in lege præcipit,

233.0 703.0 369.0 33.0 ignorantiæ peceata debere ſacrificijs expiari.

256.0 731.0 671.0 27.0 Quia uerò perdifficile eſſet, regulis complecti modos omnes, quibus per igno¬

235 748 690 34 rantiam peccatur, aut ubi excuſatio à peccato inueniatur: ideo conſultum eſt, quo¬

238 771 687 31 tieſcun ſcrupus oboritur, uel proponitur quæſtio, ad exempla, quæ in Scripturis

235 792 690 33 paſsim occurrunt, confugere atque ex illis certum petere iudicium. Pſalm.25. po¬

234.0 815.0 692.0 26.0 ſtulat propheta remitti ſibi peccata, quæ in adoleſcentia ( nam hæc ignorantiæ mor¬

218.0 835.0 708.0 32.0 » bo plurimum obnoxia eſt) perpetrarat: Peccatorum adoleſcentiæ meæ atque ſcele¬

233.0 858.0 694.0 28.0 rum meorum ne recorderis. Geneſ.19. Loth ebrius tanta obruitur ignorantia, ut

233.0 881.0 694.0 26.0 cum proprijs filiabus committat inceſtum. Verùm ignorantiam hanc cum vltrô ſua

233.0 901.0 693.0 26.0 culpa ſibi ipſe accerſiuerit, (debuerat namque ſibi cauere ab ebrietate, quæ pec¬

233.0 922.0 694.0 28.0 candi frequentiſsimè ſubminiſtrat materiam) excuſari nequaquam poteſt. Geneſ.12.

233.0 940.0 696.0 32.0 Pharao grauiter punitur ob Saram inductam in domum ſuam, quam tamen uxorem

232.0 967.0 697.0 27.0 Abrahami fuiſſe ignorarat: Debuerat nimirum diligentius prius omnia exploraſſe.

231.0 985.0 696.0 28.0 Geneſ.2o.rex Abimelech à Deo præmonetur in ſomnis, ne cum eadem Sara per igno

232.0 1007.0 695.0 28.0 rantiam deſignet adulterium. 1.ad Corinth. 8. acio. Si pius his, quæ immolata fue¬

219.0 1028.0 708.0 31.0 „ runt idolis, ueſcitur, ignorans tamen fuiſſe immolata, abſoluitur à crimine. Si autem

213.0 1048.0 713.0 31.0 „ poſtea reſciſcit oblata fuiſſe, at tunc uel propria uel alterius conſcientia infirma læ¬

217.0 1075.0 710.0 27.0 „ ditur, culpa non uacat. Actor.23. Paulus durius reſpondet pontifici, uocat parietem

232.0 1094.0 692.0 28.0 dealbatum: admonitus autem non debere maledicere pontifici, excuſat ſe, dicens,

228.0 1113.0 696.0 27.0 ſe ignoraſſe, quòd Pontifex eſſet. Sed quis enumeret exempla eius modi omnia?

232.0 1135.0 693.0 29.0 Intereſt ergo uniuſcuiuſque pij diligenter cauſas & circumſtantias omnes in eiuſmo¬

233.0 1157.0 693.0 29.0 di exemplis perſcrutari. Quod ſi deinde libeat noſtra facta cum factis, quæ expreſ¬

233.0 1178.0 693.0 28.0 ſa ſunt ſacris literis, conferre ac ſingula accuratè expendere, promptum erit, ubi pec¬

233.0 1201.0 693.0 30.0 cetur, uel ubi excuſatio locum habeat, definire. Hactenus de prima parte do¬

233.0 1223.0 693.0 29.0 ctrinæ Chriſtianæ, nempe delege. Plura quidem potuiſſent de lege, de eius partibus,

233.0 1244.0 694.0 32.0 de abrogatione legis, in medium proferri, ſed arbitramur, nos, quæ ad explicandam

233.0 1263.0 297.0 44.0 mentem Apoſtoli ſufficiunt. dixiſſe.

830.0 1290.0 98.0 36.0 Exuberauie
