1000 1564
234 119 26 31 14

457 126 324 24 I. EPIST. D. PAVLI

230 148 696 28 rũ prædeſtinatione, de cauſa mali. Vbi igitur ad hęc ventũ eſt, religiosè animũ ſubmit.

231 164 695 30 temus, & contenti gratia, quam Deus nobis ad mẽſuram donauit: ad Epheſ.4. diuino

232 185 694 31 Numini debitum honorem deferemus, dicentes cum Apoſtolo ad Roman.n1. ô pro¬

219 209 707 29 ,, funditatem diuitiarum & ſapientiæ & cognitionis Dei, quàm inſcrutabilia ſunt iudi¬

220 231 706 30 ,cia eius & inperueſtigabiles viæ eius? Ac ſæpè prodeſt memoria repetere dictum il¬

218 253 708 28 „ lud ſapientis Hebræi leſu Syrach cap.3. Difficiliora te ne quæras, & quæ tuas ſuperant

218 275 710 28 „ vires, ne ſtultè exquiras. Quæ tibi mandata ſunt à Deo ea ſancte meditare: ne enim

220 296 709 26 „ opus eſt tibi, quæ ſunt arcana, oculis cernere: Quæ non neceſſaria, ſed ſuperuacanea

219 317 710 34 » ſunt orationi tuæ, ea curiosè ne tracta. Nam plura quàm humanus ſenſus capiat, tibi

220 337 145 26 „ patefacta ſunt.

157 338 78 49 Teuimì

156 375 78 30 diciũ à fins

157 394 73 32 & effectis.

258 361 666 31 Reſtat tertio loco dicamus de conſiderando vſu, effectis at finibus vniuſcuiiſm

239 374 687 36 doctrinæ, quæ recẽs pponitur. Clarè aũt definit: Si quis tradit ea, ex quibus nõ ſequi¬

237 401 691 30 tur ædificatio Dei, quę eſt perfidẽ, id eſt, ne doctrina fidei ſiue verorũ dogmatũ aſſe

235 424 693 27 ueratio, ſiue redargutio dogmatũ falſorũ, ne inſtitutio vitæ ad iuſtitiam, ne corre¬

236 448 692 27 ptio à recta via aberrantiũ, ne cõſolatio afflictorũ, (nam ad hæc capita ſicut omnis

236 469 692 29 pertinet Scriptura, ſta omnẽ quo explicationẽ doctrinę ſanę par eſt referamus) ſed

236 490 691 26 potius naſcuntur quæſtiones ſuperuacaneæ, inutiles, imo & noxię, tũ rixæ, æmulatio¬

234 511 694 29 nes, obtrectationes: id eſſe explanandũ. Et cap.6.in eandẽ ſentẽtiã legimus, Ex doctri¬

235 532 692 30 na diuerſa à ſanis ſermonibus Domini noſtri leſu Chriſti oriri quæſtiones & pugnas

235 551 691 33 verborum: dehinc ſequi inuidiam, contentionem, maledicentiam, ſuperſtitiones ma¬

234 572 694 31 las, ſuperuacaneas conflictationes, hominum nempe corruptorum, & quibus adem¬

235 594 695 30 pta eſt veritas, qui exiſtimant quæſtũ eſſe pietatem. Subindicat interim diuerſos

234 618 693 29 ſubinde fines acutis diſputationibus eſſe propoſitos, veluti quæſtum, ambitionem,

233 640 694 29 ius primatus: Ac de his diligenter eſſe inquirẽdum. 2.ad Timoth.2. ait, pugnas verbo¬

234 656 694 36 rum nullam adferre vtilitatem, ſed ijs ſubuerti auditores. Ibidem addit: profanis vocũ

233 682 695 27 nouitatibus proficere homines ad maiorem impietatem, & longè late́ malum ſer¬

218 702 710 30 » pere, quemadmodum ſerpit cancer morbus. Ruiſus, ſtultas autem & ad eruditionem

235 725 693 31 ineptas quæſtiones reijce, ſciens eas gignere pugnas. Porrò non tantum effecta at

235 747 692 29 fines, qui ex ipſis per ſe ſequuntur diſceptationibus, vult Apoſtolus à nobis expendi,

235 765 693 30 verum etiam affectus, quibus qui doctrinam ſuſpectã inuehunt, mouentur, vitia qui¬

233 786 696 32 bus ijdem laborant, deni & fines, quos præſtituunt ſibi. Vnde Apoſtolus 2. ad Ti¬

222 809 707 34 „ moth.3. Erunt, inquit, homines ſui amãtes, auari, faſtuoſi, ſuperbi, maledici, parẽtibus

232 832 697 27 „ immorigeri, ingrati, impij, carentes affectu, neſcij fœderis, calumniatores, intempe¬¨

222 853 705 33 „ rantes, immites, negligentes bonorum, proditores, præcipites, inflati, voluptatum a¬

221 873 708 33 „ mantes potius quam amantes Dei, habẽtes formam pietates, ſed qui vim abnegarint

222 895 706 30 „ eius: iſtos igitur auerſare. Ex his enim ſunt iſti, qui irrepunt in familias, & captiuas du¬

223 914 706 34 „ cunt mulierculas, oneratas peccatis, actas cupiditatibus varijs: ſemper diſcentes, ne

222 936 708 30 „ vnquam ad cognitionem veritatis yenire valẽtes: Quemadmodum autem larnes &

224 956 707 33 „ lambres reſtiterunt Moſi, ita & hi reſiſtunt veritati, homines corruptimente, reprobi

223 980 706 32 „ circa fidem. Et ad Roman.i5 Obſecro vos fratres, ut conſideretis eos, qui diſsidia &

223 999 707 32 „ offendicula contra doctrinam, quam uos didiciſtis, gignunt, & declinetis ab illis: Nã

223 1023 708 30 „ qui eiuſmodi ſunt, leſu Chriſto non ſeruiunt, ſed ſuo uentri, & per blandiloquentiam

223 1046 706 31 „ & aſſentationem decipiunt corda ſimplicium. Ad Galat.6. Quicun uolunt iuxta ſa¬

223 1065 708 33 „ ciem placere in carne, hi cogunt uos circumcidi, tantùm ne ob crucem Chriſti perſecu

222 1086 707 33 „ tionem patiantur. Sunt alibi alia effecta, alij fines, at diuerſæ falſorum doctorũ no¬

239 1109 687 31 tæ explicatæ. Operæpretium proinde eſt etiam in his, per quos noua doctrina euulga

239 1133 687 29 tur, diuerſa iſta effecta at fines, corruptos uidelicet affectus, uitioſos mores, fines in¬

239 1150 689 32 honeſtos, flagitia, diligenter obſeruari: quandoquidem hæc omnia ſunt reuera tan¬

241 1171 687 33 quam fructus impiæ doctrinæ, ex fraudulento pectore pullulantes. Nec poteſt quiſ¬

238 1192 692 34 piam prætexere, ſe non poſſe ſatis diſcernere, quínam tales impij doctores exiſtant.

238 1216 692 29 Nam ita Deus ſua iuſtitia at prouidentia hypocritas at omnes, qui reluctante pro¬

238 1234 692 35 pria conſcientia falſum docent, aut ueritatem quouis modo, id eſt, ſiue per ſe, ſiue per

241 1259 692 53 alios, & ſiue aperte, ſiue oblique, impugnant: punitat muilctat, ut turpiter in aliqua

155 636 73 48 Efeaapa

157 680 59 35 gnarum.

155 745 75 43 Afdusde

157 783 60 37 ecntiun.

156 1184 79 42 Note diuc

156 1214 79 29 dæ bypocri.

156 1232 79 32 tgun & fa¬

157 1253 77 32 forũ docto:

160 1280 38 35 rum.

833 1288 99 46 deteſtanda
