1000 1564
84 147 689 30 do multitudini quæſtionum inſeparabiliter cohærent, nempe diſſenſiones opinio¬

83 164 684 34 num, acres contentiones, rixas, conuitia, odiũ implacabile, & c. Poſterior ab eo, quod

83 190 677 32 nihil faciunt ad pietatem, non ædificant, non illuſtrant gloriam Dei, non confirmant

83 208 677 34 docent, vel ſolantur piorum conſcientias. Vult Apoſtolus nos ab effectis iudiciun

83 231 677 34 petere, vt ſtatuamus, num doctrina aliqua ſit amplectenda, vel reijcienda. Cuius do

83 251 677 33 ctrinæ effecta at fines ſunt noxij, illam meritò omnes vitabunt. Aedificare hebraic

84 272 676 34 phraſi & per Metaphoram ductam ab exemplo Architectorum & fabrorum: trant

86 295 674 33 fertur à corporali ad ſpiriruale: idẽ ſignificar, quod docere, inſtituere, excitare, con

84 318 678 32 firmare, tum verbo, tum actionibus, vt rectè alij ſentiant, iudicent, faciántue. Quem

84 337 678 33 admodum domus & quodcun ædificium extruitur per fabros e lignis & lapidibus

86 358 684 30 aꝓte concinnatis: Sic eccleſia, ſiue quicun pij eccleſiæ aſcripti docentur, inſtituun¬

86 384 684 29 tur, confirmantur, peralios pios doctrina & exemplis, ad normam verbi ſeu volunta¬

86 405 683 25 tis diuiæ cõgruentib. Ac valdè idonea eſt hæc phraſis, ideo́ frequenter ab Apoſto¬

83 420 683 37 lis vſurpara. Vnde & eccleſia ipſa appellatur ſpirituale ædificium, ſtructura, remplũ,

83 445 683 30 ad Epheſ.2. Et pij 1.Corinth.6. vocantur templa ac habitacula Spiritus Sancti:1.Petri2.

84 470 684 27 Chriſtus appellatur lapis angularis, & primas acfundamentum ieciſſe, alios verò do¬

85 488 683 28 ctores ſuperædificaſſe. Et quo vnuſquiſ clarius perſpieiat, de ſpirituali ædificatio¬

83 512 686 27 ne ſermonem haberi, adiecit Apoſtolus vocem Dei, nimirum, ædificatioiſta non eſt

84 534 685 28 corporalis vel humana, ſed ſpiritualis ac diuina: Ac debet ea tantum doctrina ſonare

85 555 683 28 in Eccleſia, quam Deus ipſe verbo ſuo tradidit, ac nobis omnibus commendauit, quę

84 576 623 29 item ad iplius Dei tendit gloriam:nec poſſunt admitti fabulæ uel uaniloquia.

220 128 407 28 ADA TIMOTHEVM CAP I.

111 596 662 28 Quæ eſt perfidem) Interpretatur ac plenius explanat, quæ nam ſit uera ædificatio:

85 617 683 30 ut iudicemus, num doctrina aliqua ædificet, debemus in primis ſpectare elus auro¬

84 640 683 29 rem nempe Deum, atque huius uerbum: Sed quia etiam falſi doctores dicere audent,

84 658 684 30 Hæc dicit Dominus, atque impia dogmata conantur de iactis ſcripturæ uerbis ſtabi¬

84 681 682 30 lire, neceſſe eſt ulterius progredi atque conſiderare etiam materiam ipſius doctrinæ,

83 702 679 29 id eſt, num fides per eam commendetur. Earenus nam doctrina aliquautiliter pro¬

83 724 678 30 ponitur & recipitur in eccleſia, quatenus à Deo eſt, & ad Dei gloriam dirigitur, qua¬

83 744 678 31 tenus inſuperfidem ac fructus ex ea pullulantes prædicat. Etenim fides iauæ funda

82 765 679 31 mentum eſt iuſtificationis multiplices complectitur fructus, qui iuſtificationem con

83 788 686 30 ſequuntur, dilectionem, inquam, ſpem, uerum timorem, pacem conſeientiæ, tole¬

84 809 686 32 rantiam, manſuetudinem, &c. In iuſtificatis, ad quos, & de quibus Apoſtolus loqui¬

86 832 415 25 tur, fides otioſa nec eſt, nec poteſt ſola conſiſtere.

757 132 14 24 1it

771 156 58 42 »Cuſſa¬

771 225 15 15 2

771 258 76 27 nealogis &

772 278 62 26 Hoctrinis.

773 297 73 28 Metaphora

771 318 77 32 ab Archite¬

771 338 29 32 ctis.

104 859 665 25 Cæterùm decet nos memoriæ commendare, quæ Apoſtolus hocloco tradit, quo

86 874 684 34 de quacunque doctrina, ſiue ea per pios doctores, ſiue per alios adferatuir, ſanum &

86 896 684 33 rectum feramus iudicium. Ac par ſanè eſt paulò diligentius iſta excutiamus, tum pro¬

87 914 686 33 pter utilicatem, tum quia eadem opera ſententiæ quædam ſequentes in hac epiſtola il

86 938 684 31 luſtrabuntur. Tria potiſsimum ſunt ei conſideranda, qui decernere uult, num doctri¬

85 957 685 37 na, quæ proponitur, amplecti uel reijcere expediat. Primũ uerba ipſa ſiue uocabula,

86 978 683 37 quibus dogma aliquod enunciatur. Secundum, res ſeu materia. Tertium, vſus, effe¬

83 999 682 35 cta at ſinis. Ex his quomodo iudicium peti debeat, ordine oſtendemus. Quod ad

83 1017 682 40 verba igitur attinet, notum eſt, verbis non ritè intellectis, neminẽ poſſe quibus de re¬

83 1042 682 38 bus agatur, ſatis aſſequi Quamobrem prima ſemper eſt verborum cura, eorundemé

83 1066 682 35 expendi oportet ſignificationem. Vt autem hac in parte cautus ſis, ante omnia vidẽ

83 1084 683 39 num ſentẽtia ſiue dogma nouę doctrinę pronuncietur verbis proprijs & vſitaris. Nec

86 1109 680 32 aliunde certius poſſumus diſcere, quæ propria & uſitata ſint uocabula in theologicis

83 1126 681 39 ſermonibus ſeu diſpurationibus uſurpanda, quàm ex ſacræ Scripturæ libris. lea qu

83 1149 681 39 uerbis utitur ipſius Seripturæ, is meritò audietur. Si quis uerò noua introducar uoca

83 1170 681 36 bula, aut etiam nimis dura longiúsue petita, ſuſpectus habeatur, elus́ doctrinam ad¬

84 1192 680 40 mittere fas non erit. Ita nam definit Apoſtolus 1.ad Timoth. 6.ô Timothee depoſi,

86 1217 697 34 tum ſerua, deuitans profanas uocum nouitates, & appoſitiones falsò nominatæ ſcien te

86 1236 698 35 tiæ quam nonnulli profitentes circa fidem aberrauerunt. Rurſus 2. ad Timoth.2.„

86 1257 700 35 Stude teipſum probatum exhibere DeG, operarium non erubeſcentem & recte ſecan „

85 1280 704 37 tem ſermonem ueritatis. Cæterùm profanas uocum nouitates prætermitto:ad ma „

84 1300 704 57 iorem enim proficient impietatem Semus autem his locis nonnullos nonvauregorre c¬

773 415 71 42 Ecdt-fados

773 447 56 32 mus Dei.

767 698 75 30 Differentia

767 720 80 23 doctrinæ ue

767 737 79 29 ræ & faſe.

769 754 62 43 ride fu¬

770 774 29 36 Atus.

769 990 78 52 Iucum de

770 1027 61 30 ctrinæ ex

770 1041 77 35 uerbis ipſis.

769 1067 77 30 1.Cautioſiué

770 1086 74 34 cõſideratio.

770 1105 61 31 Dogmata

768 1125 81 28 noua ex uer

771 1141 76 33 bis nouis un

770 1163 74 33 proprijs, &

769 1182 77 32 mnuſitaus, co

770 1204 74 39 gnoſcuntur.

713 1332 61 31 Adeſt,
