1000 1564
86 156 689 23 bus, vt ſeiungi vix poſsint:qd'illi aliâs vſitatũ eſt, maxime vbi breuitati ſtudet, atq; ad

88 175 686 27 docendũ aliquid, vel præcipiendũ magno adfectu rapitur. Vtitur ea ſentẽtię forma, vt

87 190 680 35 cauſam finalẽ notet, ob quã Timotheum Epheſi manere voluerit. Eſt aũt, ſi quãdo pri

86 213 681 33 mùm inſtituenda vel reformãda fuerit eccleſia aliqua, perutile obſeruare & ſequi me¬

91 231 676 37 thodũ, qua Apoſtolus in tradẽda doctrina vtitur. Primo euerti neceſſe eſt doctrinã ſa¬

89 258 677 28 ſam. Secũdo loco explicabitur doctrina vera. Et rurſus in explicatione doctrinæ vera

90 281 676 29 prior locus dabitur tractationilegis, poſterior Euangelij: Sic nã videmus Apoſtolũ

89 301 681 31 hoc loco at etiã alibi pgredi. Etenim qd'ad deſtructionẽ falſæ doctrinæ attinet, in

91 321 679 32 graui illa diſputatiõe ad Romanos, ante omnia euertit falſam pſuaſionẽ de luſtitia co

88 344 682 28 rã Deo obrinẽda ex operibus, dũ argumẽtis pſpicuis & quaſi experimẽtis euincit, oẽs

90 363 682 30 rum gentiles, q; ludæos, ſi cõſiderẽtur ipſorũ opera, reos eſſe apud Deũ & dãnationi

88 389 683 27 obnoxios. Inde verò pergit nouis argumẽtis demõſtrare, ꝙ homines iuſtificẽtur fide.

88 410 683 25 Actor.17. in cõcione ad Athenienſes ſtatim reprehendit illorũ ſuperſtitiones & idolo¬

86 428 685 31 latriã: poſtea annũciat vnũ verũ Deũ ac leſum Chriſtũ. Quod ita fieri cõuenit duabus

88 453 680 25 potiſsimũ de cauſis. Prima, nõ poſſunt ſimul cõſiſtere, multò minus miſceri & cõglu¬

87 475 676 26 tinari doctrina vera & falſa, ſed neceſſe eſt, vt illa ſtatuatur, hanc prorſus tolli: Negatic

91 490 679 31 & affirmatio reſpectu eodẽ de eodẽ dicinequeunt. Secundo uidemus eadẽrarſone

87 514 683 30 doceri in ordinãdis quibuſcun rebus, quæ antè nõ fuerunt rectè cõſtitutæ. Medici,

84 533 686 31 ſi curare uolunt corpora ægrota, primò adhibẽt medicamenta, quæ cauſas maliremo

86 557 684 32 uent aut minuunt: Deinde porrigunt, quæ cõfirmant ac uires augẽt. Qui colere acfer

88 576 682 33 tilẽ reddere uult agrũ ſiue hortũ, eradicat & extirpatuepres, ſentes, ſpinas: mox ſerit.

88 602 682 27 ac plãtat, quæ profutura arbitratur. Qui emendare ſtudẽt eiuitatẽ, notãt publica uitia,

87 619 683 31 abrogãt inſtituta iniqua, tùm coduntnouas & ſalutares leges. Eodẽ igitur pacto qui¬

87 639 683 33 bus propoſitũ eſt ordinare uel reformare eccleſiã, inſtium facient à doctrina: ſed prius.

86 663 684 32 quidẽ deſtruent dogmata falſa:poſtea uerò ſtabilient uera. Nunc uidemus, quãdo do¬

87 687 701 26 ctrinã falſam Apoſtolus euerti, uel prohiberi, antequam latius ſerpat, uelit. Denuncies, ‟

87 705 687 30 inquit, quibuſdà. παραγγελ ο͂ν eſt cũ autoritate & ex officio edicere, ſiue mãdandum ali¬

86 728 683 31 quid ſit ſiue prohibendum: Vnde ea uoce Act.4. & s.utuntur principes populi & Se¬

86 749 683 30 niores, cùm interdicunt Apoſtolis, ne loquãtur de Chriſto. Apoſtolus idẽ2. ad Theſ..

86 769 683 31 bis uſurpat in præcepto de uitandis fratribus, qui inordinatè ſe gerunt. Admonet pro¬

86 790 684 33 inde Apoſtolus, in his, quæ ad Eccleſiam, maximè uerò ad doctrinã ſeu dogma fidei

86 815 574 32 pertinent, grauiter & cum autoritate debere per Epiſcopos cuncta fieri.

227 132 407 26 AD TIMOTHEVM CAP. I.

758 138 11 22 7

769 174 70 43 Meibodis

770 205 78 30 utilis & ne¬

770 228 70 31 ceſſaria ad

773 252 73 22 eccleſiæ re¬

772 267 77 33 formationẽ,

771 291 73 24 Lex & E¬

773 307 71 31 uangelium.

773 327 67 34 Ab exẽplo,

773 345 61 46 Rom.2.5.

109 842 659 27 Quibuſdam:) Indefinita ac proinde generalis eſt Exhortatio: quò ſciat Timotheus,

87 854 683 34 ſibi aduerſus quoſcun ſuſpectos ac deprehenſos, tàm illo, quã alio quouis tẽpore, ta

87 877 683 31 Ii denunciatione utendum. Quanquã ex ſequentibus facile eſt animaduertere, quales

88 901 681 29 prohibere maxime uelit. Erant ſicut alibi, ita Epheſi quo ludæi, qui perturbabãt ec¬

90 922 681 30 cleſias, qui multa & uaria ſpargebant uana & fabuloſa: ſed maximẽ urgebant, legẽ ad

88 943 683 30 iuſtitiam eſſe neceſſariam: at cum Euãgelio, cui ſuum cõcedebãt locũ ſimul debere

88 961 682 34 obſeruari: Verba ſequẽtia & epiſtola ad Galatas, imò ſingulæ ꝓpè epiſtolę id teſtãtur.

771 470 79 21 A natura cõ

768 484 83 26 trariorũ, uel

771 501 71 30 cotradicte¬

771 521 77 36 rie pugnan¬

771 540 34 28 tium.

773 555 53 36 A fimuli.

773 579 71 33 Metephora

773 599 62 29 à corpore

771 619 71 30 ad anmum.

771 637 76 34 Simile ab a¬

771 659 68 39 grieultura

108 988 662 30 Ne diuerſam ſequantur doctrinã:) Maxime intelligi cõuenit de Doctoribus ipſis, at

86 1002 684 37 his denũciandũ, ne diuerſa doceant: declarãt id quæ ſequuntur, tàm hoc capite, quàm

87 1027 683 37 capite ſexto, ubi ea lex recurrit. Nõ malè aũt interpretabimur:nihil autem refert, utrũ

84 1042 683 41 ἐτεροδιιδασκαλέρ interpretemur aliud docere: quaſi ſermo ſit de doctrinæ ſubſtãtia ſeu

86 1072 681 34 materia:an aliter docere:ut accipiatur de forma ſiue docẽdi modo. Nã pariter utrun

86 1092 683 34 Apoſtolus prohibet. Docent aliud, qui tradunt, quæ in Scripturis nuſquam ſunt com¬

86 1114 684 32 prehenſa, aut etiam apertè aduerſantur Scripturis: cuius generis ſunt, quæ in hoc loco

86 1132 684 40 ab Apoſtolo nominatim perſtringuntur, fabulę ineptę, uaniloquiũ. Et Chriſtus Matt.

86 1153 685 38 15. & Marci7. obijcit Phariſæis, quod traditiones urgerent, per quas irrita fiebant Dei

84 1175 681 39 præcepta. Irenæus lib.4. cap.25. qui fuſt Apoſtolorum uicinus temporibus, addit.

87 1195 678 39 ad ſuam uſ ætatem extitiſſe legem quandam appellatam Phariſaicam, legi Dei pla¬

87 1216 678 43 nè aduerſantẽ. Docent aliter, qui proponunt quidem quę in Scripturis inueniuntur.

87 1239 684 37 ſed non tractant ea ſynceriter: addunt aliquid, aut demunt, aut mutant, aut ſententias

84 1257 680 43 peruertunt. De talibus eſt quod ſubnjcitur, quoſdã prædicaſſe legem, ſed legitimun

84 1281 680 41 eius uſum at finem nõ reddidiſſe. Et capite 6́.carpuntur, qui logomachias mouent,

84 1302 680 56 de́ verbis magis quam rebus ipſis contendune Ad Galat.i. ait Apoſtolus, nonnut

771 1053 69 23 e̓τεροδιδα

773 1066 67 35 meoqd.

771 1153 69 57 xnισ

771 1197 75 34 ſaica tẽpore

771 1219 47 33 trenci.

633 1341 47 31 a 4

770 1256 73 56 Rſecedi

770 1292 63 32 biſt. lib...

770 1313 46 42 cap-

741 1341 30 24 llos
