1000 1564
233 132 405 30 AD TIMOTHEVM CAP. I

766 147 14 22 25

93 157 691 30 deteſtanda peccata labantur, vel certè alijs modis pudefiant, quo iudicare poſtea oẽs

92 170 689 35 de ipſis & falſa ipſorum doctrina poſsint. Propterea Chriſtus Matth. 7. iubens, vt ca¬

93 190 689 36 ueant ſibi à pſeudoprophetis, qui veniunt in veſtimentis ouium, intrinſecus autẽ ſunt

93 214 689 37 lupi rapaces, ait, à fructibus ipſorum agnoſcetis eos. Vbi & pluribus verbis declarat

93 235 689 34 Chriſtus, non poſſe fieri, quin tandem fructus illorum noti fiant omnibus. Latent et

94 258 689 33 teguntur forté doli aliquamdiu, attamen progreſſu temporis in lucem eos protrahi

95 277 686 37 neceſſe eſt. Quocirca Apoſtolus 2.ad Timoth.3. poſt enumerata hypocritarum & fal¬

93 302 687 33 ſorum doctorum varia ſcelera, ſubijcit, tales homines nõ poſſe amplius proficere, ſed

95 319 699 37 ipſorum amentiã omnibus patefieri. Ad Philip.3. Complures ambulãt, de quibus ſæ¬ ‟

97 340 696 38 pè dixi vobis, nunc autem & flens dico, inimici crucis Chriſti, quorũ finis perditio eſt, ‟

97 361 689 36 quorum Deus venter eſt, & gloria in dedecore ipſorum. At omnibus ętatibus eccle ¬‟

92 382 688 37 ſiæ fuerunt huius rei exempla in conſpectu poſita: & diuites & maiores, ſapientes &

91 404 684 37 eruditi diu reſtiterunt Moſi coram pharaone, tandem verò faſsi ſunt ſe victos, ac digi¬

91 424 684 41 tum ſiue virtutem Dei per Moſen efficaciter operatam. Exod.8. 2. Tim.3. Qui longo

91 445 684 37 tempore impoſuerant regibus, principibus & populo ſacerdotes Baal dum ſe oppo¬

92 467 683 37 nunt Heliæ prophetæ Dei, mirabilſter confunduntur. 1. reg.18. Quomodo ve¬

91 490 684 39 rò Arrius, cum crederetur victor in cauſa, & magno honore atque pompa ad Ale¬

92 510 688 40 xandriam eſſet deducendus eccleſiam, diuina vltione turpiter in latrina inter cacan¬

92 534 688 35 dum cum inteſtinis & animam ſimul profuderit, teſtantur Eccleſiaſticæ hiſtoriæ Eu¬

92 555 688 39 ſebianæ lib.1o. cap.8. Tripart. hiſtor. lib.3. cap. 1o. Nec deſunt præſenti ætati illuſtria

94 573 687 42 exempla, ſi ea cõmemorare liberet. Sed hîc iam non eſt noſtri inſtituti pluribus de hac

96 595 684 42 re diſſerere. Adhortamur igitur omnes rerum ſacrarum ſtudioſos, vt quandocun do

97 615 683 41 ctores noui irrepunt, vel potius proſiliunt in eccleſiam, prudenter expendant, an pla¬

95 640 684 38 cita eorundem ſequenda ſint aut fugienda, eam́ ad rem adhibeant in conſilium,

96 660 685 41 quæ hactenus ex ſacra ſcriptura ſunt in medium prolata, eadem aſſueſcant quibuſ¬

93 681 688 40 cun argumentis accommodare. Sed & ſtudeant, quæcun his cognara in ſcripturis

93 702 688 41 occurrerint, accuratè notare, at his adijcere. Diſputant ſanè hoc tẽpore de varijs re¬

93 724 688 39 bus in Eccleſia, & hi quidem, quorum magna eſt propter eruditionem non vulgarem

93 744 687 40 exiſtimatio: Attamen, ſi libeat primùm verba ipſa, dehinc res ſiue materiam, poſtre¬

91 766 689 38 mò vſum, effecta, & fines diligenter ſcrutari expendere, comperiemus præſtabilius

93 788 687 41 eſſe, vt illarum diſputationum pleras prętermittamus, quàm ut inſumamus tempus

92 805 688 47 in illis percipiendis. Enumerare eas ac de ſingulis conſutam facere, nimis longum fo¬

91 827 687 42 ret. Quare vniuſcuiuſ diligentiæ ac priuato iudicio hunc laborem committimus,

93 849 685 44 Debemus ponò Deo gratias agere, qui in uerbo ſuo huiuſmodi normas ſiue regulas

92 870 687 43 iudicandi de doctrinis extare & quaſi ardentes faces prælucere uoluit, quas in rebus

93 892 681 46 dubiijs, maximè cum nouis diſceptationibus ac turbis propè collidi uidetur eccleſiã,

93 911 680 49 tutò ſequeremur. Edictum eſt à pſalmographo Pſal.119. Lucerna pedi meo uerbum

91 929 682 51 tuum, & lux ſemitis meis. Præſidium certum ac ſcutum uere magnum eſt, audire &

91 955 682 44 adhærere doctori Spiritui ſancto. Quinetiam par eſt Deum aſsiduè precemur, ut fa¬

91 973 682 50 cultatem dijudicandi doctrinas in eccleſia ſua integram ſemper conſeruet, acnobis

89 995 684 51 etiam per ſuam miſericordiam benignẽ impertiatur. Atque hæc quidem hactenus

91 1020 682 46 generatim, quamuis breuiſsimè, de euerſione doctrinæ falſæ, in qua ſemper primo lo¬

91 1042 685 51 co eſſe laborandum ſupra diximus. Sequitur nunc de plantatione doctrinæ ueræ ac

88 1064 212 33 omnium primum de lege.

778 404 75 43 Mœi auay

778 435 79 32 ptiaci cõſan

778 456 51 31 duntur.

778 474 81 34 Arrij intert.

778 497 69 47 ue ſœdus..

108 1094 658 38 Porro ſinis pracepii.) Apoſtolus partem de plantanda doctrina vera ingrediens de

93 1104 566 41 lege prius agit, quàm de Euangelio:id́ his, ut probabile eſt, de cauſis.

105 1141 660 34 1 IIophetis familiare eſt, in concionibus ſtatim ex lege damnare peccata, obimr

87 1145 680 52 gare tranſgreſsiones, ut ſic adducant ad pœnitentiam, mox ſubijciunt adhortationes

89 1170 679 45 ad poſcendũ ueniam & promiſsiones euangelicas de miſericordia per fidem accipien

88 1188 681 52 da. Paſsim occurrunt exempla apud Eſaiam & reliquos. Chriſtus autem & lohannes

88 1205 681 55 Baptiſta priorem partem concionum faciunt de pœnitentia: poſteriorem de pecca¬

88 1230 681 49 torum remiſsione & regno cœlorum. Vult igitur Apoſtolus hos anteceſſores imitari.

88 1253 681 75 1 Siconſideramus tempora promuigationis, les primò prompigata eſtper ſſio.

774 924 73 36 Vœbz Det

774 948 73 32 Lydus La¬

775 970 68 32 pis ac nor¬

775 993 76 30 ma eſt omn

774 1011 74 32 um dogma¬

774 1032 61 32 tum, &c.

771 1088 60 23 De lege.

773 1096 79 33 1. Prophete

767 1125 86 23 à lege et pæ

774 1143 78 30 nitentia ſuas

774 1161 78 32 cõciones or¬

773 1184 53 22 diuntur.

773 1199 67 34 LuC3.24.

771 1217 60 30 Matth.3.

771 1235 69 34 Lex prius

771 1255 69 31 promuιgα¬

771 1273 79 36 la, qume¬

771 1296 72 33 uangelum

612 1298 20 51 3

653 1297 27 32 3

728 1292 34 46 1e
