1000 1564
198 142 417 26 AD TIMOTHEVM CAP. I

737 147 13 23 27

74.0 161.0 686.0 29.0 Apoſtoli, quandocun dogma aliquod expoſuit, protinus ſubijcere exhortationem,

76.0 178.0 684.0 31.0 vel aliud quippiam de eius dogmatis recto vſu, & quomodo ad cõſcientias inſtituẽ¬

76.0 200.0 687.0 31.0 das, vel ad vitam mores́ transferri debeat. Ad Roman.6. docet efficacia mortis Chri

76.0 223.0 684.0 33.0 ſti aboleri peccatum, acnobis, dum baptizamur, applicari hoc Chriſti beneficium.

76.0 242.0 686.0 34.0 Subijcit igitur exhortationem de eius doctrinæ uſu: dicens, Ne regnet igitur peccatũ

76 263 703 31 in mortali veſtro corpore, &c. Ad Galath.5. plenius diſſerit de libertate à iugo legis»

78.0 288.0 687.0 30.0 per Chriſtum facta. Tandem verò addit de libertatis illius vſu: Vos, inquit, in libertatẽ

79.0 311.0 685.0 30.0 vocati fuiſtis fratres: tantum ne libertatem datam putetis carni pro occaſione, ſed per

79.0 331.0 684.0 32.0 charitatem ſeruite alij alijs. Simili igitur modo poſt explicationem dogmatis de le¬

79.0 351.0 571.0 34.0 gisωνſu ſubijcit hoc loco Apoſtolus propriæ experientiæ teſtimonium.

99.0 377.0 667.0 26.0 Tertia ratio: Apoſtolus in diſputatione de vſu atque effectis legis ad Roman.7.o¬

76.0 391.0 704.0 36.0 mnia ad ſe transfert ſuæq́ accõmodat perſonæ, dicẽs, Peccatũ non cognoui niſi per le,

78.0 412.0 702.0 34.0 gem, & peccatũ per præcept decepitũ & occidit me: &, Lex quidẽ ſpiritualis eſt, ego¬

78.0 437.0 688.0 30.0 verò homo ſum camnalis. Et ad eum modum eruditiſsimi qui, tàm veteres, in primis

78.0 457.0 687.0 34.0 D. Aguſtinus lib. contra lulianum, quàm recentiores interpretãtur. Quid nî igitur ſta¬

78.0 478.0 687.0 35.0 tuamus, Apoſtolum hoc quo loco, quæ dixit de vſu legis, ſuæ accommodare perſo¬

78.0 503.0 423.0 27.0 næ, & probationem de propria experientia adferre?

99.0 529.0 667.0 23.0 Quarta ratio: Paulõ poſt ſermonẽ inſtituit de Euangelio ſiue de exuberante gratia

78.0 544.0 687.0 29.0 per leſum Chriſtũ: at ibi ſtatim addit exemplũ de ſemetipſo, referens nimirum, quo¬

79.0 565.0 685.0 34.0 modo vſum ſiue effectũ Euangelij talẽ in ſe fuerit expertus: Miſericordiã, inquit, ſum

80.0 589.0 700.0 26.0 adeprus, vt in meoſtẽderet leſus Chriſtus omnẽ clementiã. lta quæ hîc de ſeipſo ex¬¬

80.0 609.0 686.0 31.0 ponit, meritò accipiemus ad demonſtrandũ vſum legis eſſe adhibita, at Apoſtolum

80.0 629.0 686.0 30.0 maximè cupere, vt quæ ipſe de vſu legis vera ac certa eſſe in ſeſe cõperit, ex ijſdẽ cæte

80.0 652.0 686.0 30.0 ri quo capiant, ac de ſeipſis iudiciũ facere aſſueſcãt. Cæterũ in verbis Apoſtoli, qui¬

79.0 672.0 688.0 28.0 bus ait, quod Dominus fidelẽ ipſum iudicarit ponẽdo in miniſterlum, primõ commẽ¬

80.0 695.0 686.0 27.0 datur nobis doctrina de vocatione. Ac ſcire debemus ad miniſterium nullos legitimẽ

79.0 716.0 682.0 27.0 peruenire, aut cũ fructu aliquid in eo præſtare, niſi quos ipſe Dominus in eo poſuerit.

79 733 686 32 Quamobrem è contrario vehementer improbantur, ne ſperare debent quicquã lau

79 755 686 33 de dignũ ſe effecturos, qui non vocati accurrunt, vel verius, neſcio quibus artibus irrõ

78 775 687 34 punt ad functiones per fas nefas occupãdas. Secũdõ, diſcimus, nullos perſe, ſua pru

79 798 686 30 dentia vel cõſilijs idoneos ſiue fideles eſſe, ſed tales effici quatenus Deus fideles iudi¬

80 821 685 31 cat, & ſuo iudicio, id eſt, electione, vocatione, inſtitutione ac donis neceſſarijs additis

80.0 842.0 686.0 32.0 format fideles. 1.Samuel.3. vocatur Samuel, cũ nondũ fuiſſet ei reuelatum Dei verbũ,

84.0 868.0 682.0 25.0 poſtea autem id Eli reuelatur. lerem.1.leremias vocatur ad munus propheticum agno

84.0 888.0 683.0 30.0 ſcitis ſe minus aptum, ſed Dominus tangit ipſius os addit́ vires. Sic etiam Paulus

83 904 681 37 Act.9. vocatur à Chriſto, at Ananiæ dicit Chriſtus, illum elegi, ſiue eſt vas electum,

87 927 677 29 vt portet nomen meum coram gentibus ac regibus. Paterfamilias commendat famu¬

83 944 681 34 lo cuipiam munus adminiſtrandum in domo, quamobrẽ inſtituit & præſcribit faciẽ.

84.0 968.0 682.0 37.0 da omnia, ſimul́ dat poteſtatẽ illud exercẽdi. Iſtud verò dum facit, declarat quòd fa¬

83.0 992.0 688.0 34.0 mulũ illum iudicet fidelem. Quanquã hîc incidit aliquod diſcrimen, ſiquidem paterfa

83.0 1017.0 686.0 28.0 miliâs non poteſt ea ratione ſtatim facere idoneum, qua Deus, ſed tantùm inſtſtuit in¬

83.0 1035.0 687.0 31.0 format́, ſubinde etiam præcedentia quædã obſeruauit, ex quib.idoneum fore ſuſpi¬

84.0 1059.0 686.0 28.0 catus eſt, Deus aũt quamprimũ aliquos vocat, ſimul facit idoneos, necreſpicit merita,

84.0 1080.0 685.0 28.0 vel vllas omninò res antecedẽtes. Tertiò, cũ Apoſtolus & hîc & alibi paſsim de eccle¬

84.0 1098.0 687.0 33.0 ſiaſtica functione ſermonẽ faciens, utatur uocabulo διιακονιας miniſterij, par eſt memi¬

84.0 1122.0 687.0 32.0 nerint oẽs Eccleſiarum miniſtri, ſe maximarũ refum admoneri. Primò, ut ſciãt, ingẽtes

85.0 1144.0 687.0 29.0 labores, curas & pericula adiuncta eſſe el officio, ac diligẽter expẽdat omnia, ne in¬

86.0 1165.0 685.0 31.0 terim grauatè quę ſe decent faciãt. Secundò, ut humiles ſint, nec ſeſe ſupra cæteros ef¬

86.0 1186.0 690.0 33.0 ferãt, imò ne patiantur ſigna illa arrogãtiæ uel ambitionis in ſe cõſpici. Tertiò, oculos

86.0 1207.0 686.0 32.0 ſemper intẽdant in potentiſsimũ illũ, at omniũ, qui cũ poteſtate ſunt, cõmunem Do

86.0 1232.0 687.0 26.0 minum, ipſum uidelicet Deũ, cuius ſe eſſe miniſtros uniuerſi non tantũ eccleſlarũ anti

86.0 1252.0 687.0 31.0 ſtites, uerumetiã gubernatores rerũpublicarũ fateri humiliter debẽt: ad Rom.13.Quar

86.0 1272.0 687.0 41.0 tò & poſtremò ueibis Apoſtoli admonentur oës, qin aliqua dignitate ſunt cõſtituti,

771 707 73 29 Qui à Deo

766 723 78 29 non uocãtur

773 742 73 30 d miniſteri

770 761 76 32 um, cum frus

770 783 74 31 ctu id ſuſti¬

770 802 74 32 here neque¬

769 821 25 32 But.

771 911 73 36 ab æcono¬

774 939 70 33 nia ſiue ne

774 959 53 40 fimuïari.

698.0 1300.0 73.0 36.0 utfide¬

610 1300 77 25 C 2
