1000 1564
90.0 125.0 693.0 40.0 uidere, ut uerum uſum explanemus, & tunc modis omnibus urgeamus: neceſſum eſt

90.0 148.0 690.0 39.0 hanc obſeruari regulã in recta docendi methodo. Ne probabile eſt, ex illorũ ſermo¬

90.0 167.0 690.0 39.0 nibus magnum poſſe prouenire fructum, qui ſubtilibus, uel ſuperuacaneis occupan¬

91.0 188.0 689.0 43.0 tur quæſtionibus, uerum autem uſum proferre negligunt, aut obiter tantum frigi¬

92.0 223.0 128.0 33.0 de attingunt.

217.0 109.0 420.0 32.0 AD TIMOT HEVM CAP. I

156.0 242.0 356.0 30.0 Sciens illud, quod iuſto non ſit lex poſita, &c.

92 264 685 34 Secundus uſus legis, ut nimirum ſeruit iniuſtis & impijs, quos oportet lege adduci ac

92 278 685 38 agnitionem peccatorum & pœnitentiam. Quo autem dilucidius hũc uſum explanet

95 299 682 39 adhibet antitheſin: dicit eſſe legem poſitam non iuſtis, ſed iniuſtis. Tameiſi uero præ¬

96 320 681 42 cedentibus uerbis diximus, legis uſum eſſe demonſtratum, prout ſeruit iuſtificatis: ue

100 344 677 40 ra tamen adhuc eſt Apoſtoli ſententia, quòd iuſto lex non ſit poſita. Primò, ſi propte

96 363 681 43 eos, qui ſuperbè & odiosẽ perpetuò urgebant legem ſcriptã eaq cupiebant grauar.

93 384 684 39 uniuerſos homines: intelligamus legi oppoſitum eſſe præceptum Charitatis: quande

93 406 684 42 ſupra admonuimus, Apoſtolum dara opera uocabulum legis refugiſſe, at uſurpaſſe

96 427 681 40 uocem præcepti:tunc perſpicua eſt ſententia, Legem quidem non eſſe iuſto poſitam

93 450 684 40 attamen præſcriptum illi præceptum de Charitate, quod legis locũ obtinet ac plant

95.0 470.0 689.0 36.0 ſufficit. Apoſtolus ad Rom.2.ait, gentil.bus non eſſe datam legem illam ſcriptam in ta

97.0 495.0 686.0 36.0 bulis, habere tamen eos legem ſeriptam in cordibus pernaturam. Quanto igitur mi¬

97.0 516.0 687.0 36.0 nus lege illa ſcripta in tabulis eget homo iuſtus, qui habet præſtantiorem legẽ in cor¬

99.0 536.0 686.0 38.0 de eau lemq́ deſcriptam per Spiritum Sanctũ, à quo plenè docetur, ad bene agendũ

100.0 557.0 685.0 36.0 impellirur, & ſapientiſsimè regitur. Ita iuſtus ad legem illã ſcriptã in tabulis minimè

100.0 576.0 683.0 37.0 reſpicit, ſed intentus eſt in eius legis finẽ principalẽ & ſpiritualem effectũ, nẽpe Cha¬

100.0 598.0 685.0 36.0 ritatem, quam, qui præditus eſt Spiritu ſancto corda purificante, (Act.15.) ſponte &

100.0 620.0 685.0 36.0 alacriter præſtat ex puro corde, & cõſcientia bona, & fide non ſimulata. At hinc fit,

101.0 643.0 684.0 34.0 quod Apoſtolus ad Roman.8. & ad Galat.5. & alibi, crebrò iuſtificatos hortatur, ut ſpi

100.0 662.0 684.0 39.0 ritu ambulent, opera & fructus Spiritus proferant, haud dubiè Spiritus ſuggeſtionẽ

99.0 690.0 281.0 32.0 præ mandatis legis commendans.

118 703 661 37 Secũdò, lex nõ eſt poſita iuſto, quia datanõ eſt, ut iuſtificet, & uiuificet: ad Rom3

97 727 682 38 ad Galat.3. Sed potius, ut tãquã pędagogus ad Chriſtũ deducat, à quò per fidẽ iuſtiti?̃

100 749 679 36 cõſequimur, qui factus eſt nobis iuſtitia, ſanctificatio, & redemptio à Deo. Ita qui

102 771 677 35 iã eſt fide in Chriſtũ iuſtificatus, nequaquã intelligit adminiculo legis denuò juſtiſicz¬

100 796 678 31 ri. Ne em̃ bona opera iuſtorũ cauſa ſunt efficiens iuſtificationis perficiendę, ſed tãtũ

99 813 680 32 effecta at ſigna iuſtificationis iã perfectæ. Huc pertinet quod Auguſtinus ait lib. de

99 834 680 32 ſpiritu & litera cap.1o. Quomodo, inquit, iuſto lex nõ eſt poſita, Si & iuſto eſt neceſſa

100 856 679 31 ria, nõ qua iniuſtus ad iuſtificantẽ gratiam adducatur, ſed qua legitimé iuſtus utatur.

755.0 114.0 17.0 19.0 44

782 263 81 25 2. Vſus legis

786 276 77 32 quo ad impi

786 297 69 27 ps & iniu¬

787 316 26 29 los.

787 331 73 35 Iuſto lex nõ

786 354 64 30 est poſita,

787 375 59 29 quomodo

787 389 72 35 accipiendũ.

787 413 73 28 1. Homore¬

786 428 75 32 natus Spiri¬

787 452 73 43 tus regiur.

125 878 654 31 Tertiò, iuſto non eſt lex poſita: quia à ſeruitute ac iugo legis eſt per Chriſtũ libera¬

104 899 675 32 tus, ne ea ſus aut poteſtatẽ habet, ut ipſum occidat amplius uel cõdemnet: ad. Rom

104 921 675 35 z.8.ad Galat.5. Et hoc pacto eſſe à lege liberatum ampliſs imum eſt beneficium, quoc

104 942 675 32 Chriſtus, qui ſolus legem exactè impleuit, attulit. Sed ijs tantum communicatur qu

101 964 678 31 in Chriſtum uerè credunt. Solus Chriſtus efficit, ut occidi & condemnarſ à lege nor

101 987 217 31 poſsint, qui ipſi ſunt inſiti.

122 1015 661 22 Quarto, addi poteſt & hæc ratio: luſto non eſt lex poſita: quia Ceremonialia & iu¬

102 1029 681 30 dicialia præcepta legis ſunt abrogata. Conueniebant hæc nam uni tantùm popu¬

101 1049 682 32 lo, ſuam habenti ad tempus eceleſiam & rempublicam. Cæterùm ante tempus legis

100 1071 683 30 per Moſen promulgatæ innumerabiles ubi uixerunt pij, qui ceremonias illas & iu¬

101 1090 682 32 diciaria planè ignorarunt: Quamobrem ne ab aduentu Chriſti pij illis obſtringun¬

105 1111 678 33 tur. De abrogatione ceremoniarum Actor.15. & copiosè in Epiſtola ad Hebræos.

104.0 1137.0 677.0 28.0 Reliqua igitur ſunt ſola moralia præcepta, quibus pij utique & ſemper rectè utun¬

102 1156 678 32 tur, dum ex ijs officia charitatis perdiſcunt. Et ſic iuſto lex non eſt poſita, tota uideli,

102 1178 678 28 cet, ſed tantùm elus pars. Verùm præcedentes rationes plus habent ponderis: quan¬

105.0 1202.0 681.0 25.0 do neque ab iniuſtis, de quibus mox ſermo inſtituitur, ceremonialium & ludicialium

104.0 1222.0 681.0 30.0 obſeruatio exigitur. Itaque ex his manifeſtum ſit, recte dictum, quòd prior uſus legis,

104.0 1245.0 682.0 60.0 de quo ante uerbafecimus, d iuſos proprié pertneat, & dende uertmnihdomeae.

783 697 69 39 2.Lexpee

784 727 60 30 goous ad

783 744 65 28 Chriſtum.

783 762 77 31 1. Corintb.1.

786.0 787.0 79.0 26.0 Bona opera

783 802 80 32 in uuſtifcatis

783 821 77 31 ſunt effecta

783 839 77 31 tustificauo¬

784 861 79 33 nis, non cau¬

784 882 72 32 ſa efficiens

784 903 55 28 iustitiæ.

784 921 80 29 3. Alugo Le

784 941 73 33 gis liberati

783 960 67 30 Iimus per.

783 977 69 43 Corstons.

788 1007 76 34 4. Lexqua¬

790 1032 73 32 tenus abro¬

790 1049 69 34 gata, ſecun¬

788 1071 73 29 dum ceremo

788 1089 68 30 pias uideli¬

788 1107 65 39 tet & iudi,

787 1126 23 31 ria.

786 1153 60 43 Synecdo¬

786 1180 32 51 tie.

744 1272 40 33 eſſe,
