1000 1564
233 135 16 24 12

363 129 398 30 IN I. EPIST.I D. PAVLI

149 199 72 46 vaveganta

149 233 72 44 Egiende.

225 151 695 31 id eſt uoeum nouitates, ſed πευοφωνίας, id eſt, uocum inanitates legere. Verùm quan¬

228 171 692 32 do & ratio ſententiæ, & præſtantiſsimi qui interpretes, Baſilius, inquam, Chryſoſto

228 189 692 35 mus, Fulgẽtius, Ambroſius, Auguſtinus, alij plures priorem lectionem magis pro¬

228 213 691 33 bant, nos eam ſequimur ac retinemus, & cum Apoſtolo omnibus pijs conſtituimus,

228 234 692 31 nouas & inuſitatas uoces eſſe in Theologicis negocijs fugiendas. Notandum ta¬

228 257 695 30 men eſt, Apoſtolum non ſimpliciter excludere omnes uoces nouas, ſed profanas, hoc

230 278 693 30 eſt, quarum ſignificatio in literis ſacris nuſquam extat, non quas eccleſiæ conſenſus in

229 301 695 31 loquendo non reijcit, quemadmodum eruditè Auguſtinus in lohannem tractat.97.

230 322 693 29 Sunt, inquit, quædam doctrinæ religionis congruentes uocũ nouitates: ſicut ipſum

228 343 695 30 nomen Chriſtianorum, quãdo dici cœperit, ſcriptum eſt: ln Antiochia enim primùm

229 361 691 37 poſt aſcenſionem Domini appellati ſunt Chriſtiani, ſicuti legitur in Actis Apoſt. cæ

230 384 692 31 11. Sicuerò & ομοοσιον nouum uocabulũ eſt, ſed huius ſignificatio deducitur ex Chri¬

229 404 625 37 ſti uerbis: Ego & pater unum ſumus, uidelicet, eiuſdem ſubſtantiæ, lohan.1o.

149 418 68 47 2 mina

151 456 62 28 uerſio,

151 474 62 30 An uerba

152 493 73 30 probè ſint

152 517 61 32 allegatd.

252 434 668 26 Secundõ uidere oportet, an, qui proponit doctrinam nouã, uerba plura limul iun¬

228 445 691 39 cta aptè colligat: Nam in uerborum allegatione atque ſermonis forma nõ ſatis apta,

228 471 693 30 non obſcuritas modò, uerumetiam error rectæ fidei repugnans citò naſcitur: unde

229 491 693 32 Hieronymus in Oſeam, Ex uerbis inordinatè prolatis incurritur hęreſis. Quem igitur

230 516 690 30 animaduerteris ſententiam minus appoſitè exprimere, quia uidelicet uerba aliter,

231 536 691 30 quàm decet, conſtruit, huius dogma tantiſper fugito, dũ dilucidius magis́ propriè

230 556 691 33 loquatur. At iſtud faciens, præceptum ſequeris Apoſtoli, dicentis, 2. ad Timoth.1.

216 577 707 32 „ Formam habeto ſanorum ſermonum, quos à me audiſti cum fide & charitate, quæ eſt

216 599 707 35 „ in Chriſto leſu. Ad quæ uerba Chryſoſtomus: mandat, inquit, Apoſtolus, ut ſi cui o¬

231 618 693 36 pus ſit ſiue de fide, ſiue de Charitate, ſiue de Caſtitate aliquid loqui aut definire, exem

229 639 694 38 plaria recte loquendi ex ipſius petat ſermonibus. Certè Scholaſtica Theologia, ſicut

229 660 694 37 ſcatet improprijs & à Scriptura alienis locutionibus, ita plurimos errores inuexit

229 692 115 23 in eccleſiam.

151 641 69 39 Tbeologia

149 669 71 41 ſcbolaſtica

152 712 67 39 2-cautio.

252 710 672 28 Tertiò: contingit interdum aliquos nouis & inſolitis uerbis ſtudiosè uti, quo exi¬

229 728 693 31 ſtimentur tanquam cæteris peritiores aut ſapientiores res nouas at admirandas di¬

230 749 693 30 cere: Interea autem deprehenduntur nihil diuerſum adferre à cæteris, & quãuis uer¬

230 768 694 36 bis diſſentiant, re tamen ipſa conuenire. Aliquando porrò nimis anxiè & pertinaciter

231 791 694 32 diſceptant nonnulli de uerborum quorundã ſignificationibus. Hæc qui faciunt, cient

231 816 694 28 tantum verborum pugnas, at abs re odioſa aggrediuntur certamina. Quamobrem

217 833 708 36 „ horum quo doctrinam Apoſtolus vult vitari, 1.ad Timoth.6. Si quis diuerſam ſequi

220 854 703 36 „ tur doctrinam, & non accedit ſanis ſermonibus Domini noſtri Ieſu Chriſti, & ei quæ

217 878 707 36 „ ſecundum pietatem eſt doctrinæ, is inflatus eſt, nihil ſciẽs, ſed inſaniens circa quæſtio¬

214 897 711 38 „ nes ac diſputationum pugnas, λογομαχιας, ex quibus naſcitur inuidia, contentio, male¬

217 917 708 41 „ dicentia. Et 2 ad Timoth.2. Hæc admone, conteſtans coram domino, ne λογοκαριας ſe¬

233 941 692 37 quantur, ad nullam vtilitater, ſed ad ſubuerſionem auditorũ. At hęc de expenden¬

237 963 688 35 dis verbis ſufficiant. Poſt verborum accuratam diſquiſitionem operæpretium eſt,

234 984 686 35 in materia ac rebus ipſis æſtimandis iudicium exerceri. Vt autem breuiter ſtatuamus,

237 1003 684 39 ad hîc fieri expediat: tria poſſunt definiri quæſtionũ genera, quæ ratione materiæ ſeu

234 1025 692 36 rerum ipſarum vitari at reijci ſine longa decertatione poſſunt. Primũ eſt de eiuſmo¬

234 1047 692 35 di rebus, quæ ad Theologiam nequaquam propriè pertinent, ſed potius ſumptæ ſunt

237 1067 689 40 e philoſophia aut poeſi, aut ſimilibus diſciplinis externis. Nec enim cõducũt ad expli

237 1088 688 39 candam doctrinam fidei, charitatis, ſpei, vel ad vitam in pietate rectè inſtituendã: vel

234 1111 691 35 etiam ad illuſtrandos vtiles locos in Scripturis. Non eſt autem difficile ei, qui in ſacris

237 1133 687 37 literis vtcun eſt verſatus, iudicare quæ nam quæſtiones ſint huiuſmodi. Apud Epi¬

237 1156 687 37 phanium in diſputationibus aduerſus hæreticos multa occurrunt exempla quæſtio¬

237 1176 688 38 num motarum in eccleſia, quæ, cum prorſus expenderentur, ex philoſophia & poeſi,

237 1199 688 33 ex quarum cognitione nonnulli hæretici aucupabantur gloriam, manaſſe deprehen¬

235 1219 692 33 debantur: Vnde idem Epiphanius aliquoties autores profanos Pythagoram videli¬

235 1241 694 34 cet, Platonem, Heſiodum, Homerum, & ſimiles nominat, ex quorum libris illi ſua fue

234 1263 695 33 rant mutuati. Et non modò ab hoſtibus eccleſiæ quæſtiones eiuſmodi ſunt propoſitę,

235 1287 693 31 verumetiam ab his, qui clari doctores in eccleſia extiterunt. Origenes diſſeruit de uε¬

235 1305 696 53 τα dεκόrς, id eſt, animaru migratione è corporibus in corpora:ſecutus Prthagoricos:

151 951 78 46 Secundũ ue

152 985 68 28 dicium ex

156 1002 74 35 Materiacir.

153 1023 75 30 ca quã uer¬

153 1044 71 28 ſantur do¬

154 1066 53 26 ctrinæ.

152 1073 78 37 Tria gener

152 1101 78 28 quæſtionũ

153 1118 77 40 ratione ma

154 1144 56 25 teriæ.

153 1153 77 38 1Gen que

153 1179 77 33 stionum pe

153 1199 77 52 rgruaran

866 1330 63 35 item́
