1000 1564
234 139 20 25 41

403 139 390 26 IN L EPIST. D. PAVLI

157 238 69 22 3. Cauſſa.

156 253 74 31 Dei miſeri¬

157 278 67 22 cordia &

157 293 74 28 gratia erga

161 315 58 30 peccatore

158 336 68 31 maxima.

165 380 63 18 1.Confeßid

162 392 70 28 ingenua de

162 411 71 38 cet prccato

161 433 37 27 res.

162 461 64 19 2. Incredu

160 470 73 28 tas peccatũ

159 491 73 25 maximum:

165 506 65 30 Huic ſiBl.

160 529 73 30 ſphemia, pl

162 550 71 27 fecutio, uio

162 566 72 29 lentia, acce

161 587 73 50 fruetons

160 606 73 28 fit mæximũ

161 636 71 18 1. Pœniten

161 646 73 29 tibus propt

162 666 71 29 ſita eſt pec

160 689 75 26 catorumt re.

158 706 53 26 mißio.

160 728 73 25 Sophiſtarũ

158 746 52 22 error.

161 767 60 24 De gratia

164 776 71 33 Dei non eſt

161 800 69 28 dubitandun

162 821 72 31 pijs & crè

165 841 52 27 dentibus.

162 865 60 23 Certitudé

162 875 73 33 gratiæ non¬

160 897 77 26 nobis, ſed à

160 921 74 24 Deo pẽdet.

190 934 45 30 Rom.8

165 954 70 33 1.Corinth.

162 978 71 28 2.Corin. B.

162 997 64 27 1.Ioann.2.

164 1013 75 29 Fides & dil

162 1034 68 28 bitatio pu¬

160 1054 51 26 gnant.

162 1073 71 27 Fidei fructe

160 1093 76 26 Doctrinafi

160 1112 75 27 dei neceſſa¬

160 1133 77 27 ria in ecde¬

160 1150 33 34 ſia.

232 161 693 26 abs re hoc loco confeſsionem iſtam edit, atque ſe uel primum peccatorem fatetur.

233 175 692 30 Sola certè incredulitas maximum per ſe peccatum eſt:ſiquidem loan.16. Chriſtus eam

234 201 692 25 appellat peccatum per Antonomaſiam: Spiritus ſanctus, inquit, arguet mundum de

221 221 704 29 „ peccato, quia non credunt inme. Quid igitur ſtatuetur, ubi aperta blaſphemia, perſe¬

238 241 689 28 cutio, uiolentia acceſſerint? Tertia, vocat Apoſtolus ſe primum ſeu maximũ pec¬

237 263 690 30 catorem, ut Dei, qui dignatus eſt tantum peccatorem in gratiam recipere, amplificet

237 288 689 26 at extollat miſericordiã. Quantò grauiora ſunt peccata quæ remittuntur, tantò illu¬

245 302 680 36 trior fit Dei miſericordia. Ad Rom.3. Iniuſtitia noſtra Dei iuſtitiam commendat. Ad

237 328 527 29 Roman.5. ubi exuberauit peccatum, ibi magis exuberauit gratia.

257 355 672 22 Sunt autem quædam nobis hîc obſeruanda. Primûm ingenuè confiteamur noſtra

242 368 684 36 peccata, præſertim quæ nota ſunt, & offendicula fratribus præbuerunt, nec vnquam

242 392 686 30 diſsimulemus illa, vel quouis modo extenuemus. At hoc eos cum primis decet, qui

239 415 687 30 conteſtari volunt, quòd ſeriò & ex animo ducantur pœnitentia, quod́ de Dei miſe¬

241 434 685 32 ricordia ſuapte natura deſperent. Secundò, notabunt hæc verba Apoſtoli, qui prę¬

243 456 681 31 ſenti tempore veritati diuinitus manifeſtatæ credere & ſe ſubmittere nolunt. Sola in¬

240 479 688 27 credulitas maximum peccatum & ſufficiens æternæ damnationis cauſa eſt. Quid ve¬

243 497 678 34 ro facient, qui non ſolum non credunt, verùm etiam palam blaſphemant, oppugnãt,

242 520 684 28 perſequuntur? Tertiò, comprobatur dogma hîc, quòd qui ſeriò egerint pœniten¬

242 542 686 30 tiam, & vera fide apprehenderint miſericordiam propter Chriſtum, certam fiduciam

242 560 683 34 de Dei gratia debeant cõcipere, & credere, Deum etiam in hac vita ſibi eſſe propitiũ

243 582 686 33 Paulus fatetur ſe quidem fuiſſe maximum peccatorem: nunc autem videtur aſſeuera¬

243 604 687 35 re, ſe eſſe ex eorum numero, qui miſericordiam ſint per leſum Chriſtum conſecuti. So¬

242 626 688 33 phiſtæ quidem dicunt, nos non poſſe ſtatuere, quod Deum habeamus placatum, &

241 649 688 30 ſimus in gratia, niſi ex coniectura morali, prout rurſus ſe dignum illa homo inuenerit.

247 668 685 29 Nos verõ Paulo adhærebimus, & ad iudicandum, quod ſimus in gratia, oculum fidei

240 693 691 30 non ad opera noſtra, vel aliquam noſtram dignitatem, ſed ad exuberantem Dei gra¬

239 711 692 32 tiam, ad promiſsiones Dei, ad dignitatem leſu Chriſti, ad Spiritus ſancti operationem

238 736 692 31 in cordibus noſtris dirigemus. Ad Roman.5.per Chriſtum contigit nobis, vt fide per¬

238 757 692 28 duceremur in gratiam hanc, in qua ſtamus & gloriamur ſub ſpe gloriæ Dei: & quæ

241 774 691 32 ibi ſequuntur. Ad Roman.8. Accepimus Spiritum adoptionis, per quem clamamus

242 800 688 30 Abba pater: Idem Spiritus teſtatur vnà cum Spiritu noſtro, quòd ſimus filij Dei.1.Co

242 819 688 30 rinth.2. Nos non Spiritum mundi accepimus, ſed ſpiritum, qui eſt ex Deo, vt ſcia¬

242 841 688 32 mus, quæ à Chriſto donata ſint nobis. 2. Corinth.13. Voſipſos tentate, num ſitis in fi¬

242 861 686 33 de. Voſipſos probate. Annon cognoſcitis voſmetipſos, quòd leſus Chriſtus in no¬

241 886 691 28 bis eſt ? I.loann.2. Per hoc ſcimus, quòd manet in nobis è ſpiritu, quem nobis dedit.

244 906 690 28 Ita qui iubent credentes dubitare, remouent id, quod fidei proprium eſt: ſiquidem

249 925 681 34 lubitatio & fides inter ſeſe pugnant. Paulus autem ſicut veram habuit & fidem & cha

246 948 686 30 ritatem, ita audet dicere, ſe, quamuis maximus fuerit peccator, ſalutẽ tamen in Chri¬

243 972 689 30 ſto eſſe conſecutum. Vehementer autem commendat hæc doctrina Dei bonitatem

246 991 687 30 & miſericordiam: deinde pios excitat ad diligentiam in producendis bonis actioni¬

247 1010 686 36 pus, quæ ſunt Spiritus ſancti & fidei fructus: quinętiam ſunt teſtimonia gratitudinis

246 1034 688 32 erga Deum pro beneficijs acceptis: deni mirificè conſolantur in omni dubitatione

240 1055 696 28 & quibuſcunque tentationibus. Quare meritò retinenda eſt in eccleſia ac pijs iuxta

245 1076 688 30 methodum Scripturæ proponenda. Plurimum igitur aberrant, qui doctrinam hanc

243 1103 692 23 reijciunt. Nam ſi verum vſum eius intelligerent, longè aliter ſentirent. Cauſantur for¬

242 1124 694 24 tè, hac doctrina induci in animos auditorum quandam ſtultam confidentiam, ſegni¬

242 1144 691 29 ciem ad benè agendum, excuti Dei timorem: ſed falluntur. Tantum namque abeſt,

241 1163 696 32 vt hæc certitudo de gratia Dei tardos ad bonas actiones reddat, aut timorem Dei

242 1188 695 26 expellat, vt hæc ipſa uel maxime inſerat credentium pectoribus. Si quidem vbiſpes

242 1207 696 27 Dei eſt, ibi quo neceſſariò eſt ſtudium bene agẽdi, vera fiducia in Deum, verus Dei

241 1230 697 29 timor, non quidem ſeruilis & degener, ſed qualis in filijs requiritur, qui cum chari¬

241 1250 697 28 tate eſt coniunctus, de quo Eſaiæ 11. & 1.loann.4. & alibi paſsim in ſcripturis. Quiſquis

242 1272 697 40 autore Chriſto in gratiam perductus in ea ſtat, Deo agat gratias: interea autem ne

853 1298 85 34 efferatur,
