1000 1564
215 139 411 26 AD TIMOTHEVM CAP I.

745 145 13 21 51

78 161 680 27 ter, quàm per ſolã Dei clementiã, homines ſaluos fieri. Tertiò, admonemur, vt noſtrã

78 178 680 31 ſemper agnoſcamus indignitatẽ, corã Deo proſtrati humiliemur, peccata noſtra cõfi¬

78 198 680 33 teamur, veniã ꝓpter Chriſtũ petamus, vtpote quos neceſſum ſit perire, niſi Deus ſu¬

78 220 682 32 bonitate nos toleret ac ſuccurrat. Quartò, quorã cõſcientia premitur ob peccatoru

78 239 682 36 multitudinẽ vel magnitudinẽ, hi conſolationẽ accipient intuentes in Del lenitatẽ &

79 261 681 36 clementiã, qua peccatores ad pœnitentiã & ſalutẽ multò benigniſsimè at vltrò re¬

81 285 677 30 uocat. Secũda cauſa ab Apoſtolo propoſita, primõ docet nos omnia quæ in Sanctis

82 306 678 31 vel peceatoribus diuina ordinatione fiunt, eſſe propoſita nobis ꝓ exemplis, quæ nos

79 327 681 32 tũ ad omne bonũ excitent, tum à quouis mali genere deterreant. Secũdo, diſcimus ex

79 347 681 32 cadẽ cauſa, ꝙ vnuſquiſ noſtrũ quæcun exempla propoſita prudẽter & cũ iudicio

79 367 681 34 ad ſt debeat transferre, ſuis rebus accõmodare. Niſi em iſtud faciamus, quomodo il

79 392 681 32 lanobis proderũt? Legere vel audire nullius eſt momẽti, ſed ex applicatione ad noſtra

79 411 681 34 negocia cõmoditas ſpiritualis naſcitur. Tertiò, agemus Deo gratias, ſimul́ nos ſub,

79 431 681 34 inde cõſolabimur, ꝙ dignatus ſit nobis in Paulo & pleris́ alijs ut Dauide, Matthæo,

79 454 681 32 Zachæo, muliere peccatrice, Petro, latrone, exempla monſtrare, ex quibus cõſolatio¬

82 474 678 36 nem hauriamus in tentationibus, & per quæ excitemur ad veram pœnitentiam, ad in¬

82 499 678 32 uocationem ex fide, ad veniam & miſericordiam petendam & expectãdam propte

80 520 330 29 Chriſtum, ad vitæ emendandæ ſtudium.

121 548 610 26 Regi autem ſeculorum immortali, inuiſibili, ſoli ſapienti Deo, honor, gloria, in

109 568 197 35 ſecula ſeculorum, Amen.

85 599 679 26 Vt finem faciat huius primæ partis de doctrina legis & Euangelij fideliter in eccleſia

82 617 676 30 tradenda, orationẽ abrumpit, & tanquã per Epiphonema ſubijcit breuẽ, ſed tamen lu

83 637 675 29 culentã gratiarũ actionẽ. Ac prudenti ſane conſilio iſtud facit. Quod em̃ poſtremo lo¬

81 658 676 31 co de gratia & gratuita per Chriſtũ miſericordia diſſeruit, quid rectius agat,  proti

80 681 680 26 nus oẽs vnà ſecũ inuiter ad gratias agendas Deo? In Euãgelio gratia & veritas per le¬

80 700 683 29 ſum Chriſtũ propriè annunciata eſt vniuerſis, & cõmunicata credentibus. Ioan.1. Ae¬

80 726 684 29 quum igitur eſt, oẽs pro maniſeſtato Euangelio, pro tantis beneficijs ſimul collatis

79 746 685 26 Deum prædicare, & gratũ exhibere animũ.lta optimè cohæret hæc gratiarum actio

80 764 685 30 cũ antecedentibus, utpote quæ ex illis ipſis deruatur conſequitur́. Debemus autem

80 788 684 27 iſtã gratiarũ actionẽ accipere ueluti profectã ex magno affectu, & animo propter ui¬

80 809 684 30 tæ anteactę & beneficiorum à Chriſto acceptorũ recordationẽ, vehementer cõmoto,

80 831 685 27 quomodo aliâs ſolent ſermones quodã vehementi affectu abrumpi. Et conſtat ipſum

80 849 685 33 Paulũ in omnibus acrẽ & vehementẽ fuiſſe: quæ res in cauſſa eſt, ut nonnunquam ali

81 871 683 33 quãtò perturbatior eius appareat oratio. Ita hac gratiarũ actione ſubiecta planè in¬

81 893 683 31 nuit Apoſtolus, ſe non poſſe oratione exprimere, quanta ſit Euangelij maieſtas, & 

81 918 684 29 præclara bona omnibus in Chriſtũ credentibus per Euangeliũ proponantur: ideo

80 940 684 25 ſe uelle dicendi finẽ facere, nec habere quod adijciat, niſi ꝙ cupiat Deo oẽs agere gra

80 960 696 27 tias. Et huiuſmodi abruptiones tacitè monẽt auditores ad cõplectendũ animo res lon

80 981 700 26 ge maiores,  dicuntur. Sic uerò ad Rom.11. & alibi orationẽ abrumpit: ô profundita¬

80 1000 699 32 tẽ diuitiartt, & ſapientiæ, & cognitionis Dei: inſcrutabilia ſunt iudicia eius ? Ibidẽ: ·

79 1017 679 38 Quonia exillo, & perillũ, & in illũ omnia, ipſi gloria in ſecula, Amen. Cęterûm hęc

78 1038 680 34 uerba, ut Chryſoſtomo, Theodoreto, Ambroſio, Theophylacto placet, ad Patrẽ reſe¬

78 1059 680 39 runtur à quo filius miſſus eſt, & qui ſic dilexit mundũ, ut filiũ ſuum unigenitum daret.

80 1084 682 34 Quanquã haud multũ intereſt, ſiue ad Patrẽ & filiũ cõmuniter hæc uerba referantur,

80 1106 697 32 quẽadmodũ & Chryſoſtomus demonſtrat, maximè cũ Chriſtus ipſe dicat loans. Qui "

80 1126 686 33 non honorat filiũ, nõ honorat Patrẽ, qui miſit illũ:ſiue potius, ut Theophylactus mo¬

80 1148 684 37 nuit, ad Deum ſimpliciter & ad totã Trinitatẽ, hoc eſt, ad patrẽ & filium & SpirirũS.

79 1166 681 38 cõmuniter. Nã potentia perſonarũ in diuinitate nõ diſtinguitur, ſunt́ opera Trinita¬

79 1189 681 37 tis ad extra, ueluti in creatione mundi, & in reſtitutione humani generis fiunt, indiuſ¬

80 1214 680 32 ſa, ſemper interim ſeruata uniuſcuiuſ perſonæ proprietate. Vnde frequenter, cũ de

80 1234 682 35 gratia Euangelica ſermo inſtituitur, triũ perſonarũ fit mẽtio. ad Rom.1. Segregatus in

79 1252 683 39 Euangelium Dei, quod anté promiſerat per prophetas de filio ſuo, qui declaratus fuit

79 1273 683 53 flius Dei cũ potẽtia, ſecudũ Spiritu Sanctificationis, ad Rom-s. Quòd ſiſpiritus eius,

766 140 76 45 3. Homofe

765 174 77 33 Iipſum debet

765 194 49 28 noſcere.

762 211 78 36 4. Conſola¬

762 235 78 30 uio peccato¬

765 255 77 30 rum, quibus

765 275 70 29 conſcienua

766 291 74 36 lauxia eſt &

769 312 43 30 ffficta.

761 331 70 28 Vlitas ſe¬

761 350 81 30 cũdæ cαιſes

762 374 52 27 1. Vſus.

762 389 63 31 Exempla

762 410 69 35 propoſita.

761 432 55 28 2. Vſus.

766 449 68 29 Applicano

765 466 68 31 uſums habet

766 487 65 34 Spirituelẽ.

765 508 43 28 8. Vſus

767 521 75 36 Deo agenda

765 548 45 34 graia.

762 593 71 45 Oranioat¬

762 626 77 36 rupta conti.

764 654 77 27 nens gratia

765 675 68 30 rũ actionẽ.

764 1015 71 39 Interpretæ

762 1043 78 43 tuio parure

764 1068 32 33 &c.

766 1157 65 44 Regulade

766 1191 59 28 operibus

766 1209 68 25 Trinitatis.

766 1223 13 6 E

765 1230 81 29 Perſonærum

765 1245 70 30 proprieta¬

765 1261 69 41 tes fontin¬

765 1285 60 35 corfeſe.

650 1312 56 40 e 2

728 1312 38 31 qui
