1000 1564
209 140 31 22 60

380 140 380 28 IN I. EPIST. D. PAVLI

127 138 75 47 Dioges

130 174 72 39 presbytero

130 199 50 43 nen.

199 789 18 47 7

198 854 15 42 8

139 879 70 39 Quomodo

138 905 71 33 tractandi l

138 926 71 28 pœnitentes

138 946 71 30 Excomunt

139 967 75 24 catio extre¬

138 985 74 28 mũ eccleſi¬

139 1006 73 29 remedium.

138 1025 64 28 A ſimili.

138 1034 78 39 Agradus di

138 1063 78 31 ſciplinæ ec¬

140 1083 76 27 cleſiaſtice

139 1100 77 29 eſt Excõmu

142 1126 64 21 ricatio.

139 1137 78 30 4 Quailo

139 1161 78 25 & aduerſu

140 1180 77 26 quos exerch

140 1203 76 25 da excõmu¬

140 1221 58 26 nicatio.

139 1234 74 34 Ordie &¬

139 1256 74 29 conſiliores

140 1277 73 35 gerenda.

208 168 703 22 lus non obſcure dutinguit duo presbyterorum genera in eccleſia: alios, qui docent

208 175 704 36 & Sacramenta diſpenſant: de quibus ſunt illa verba ad Tit.I.Presbyterum, ſiue vt mox

205 198 706 34 loquitur, Epiſcopum oportet eſſe tenacem eius, qui ſecundum doctrinam eſt, fidelis

191 224 721 30 " Sermonis, vt potens ſit exhortari per doctrinam ſanam, & cõtradicentes conuincere:

197 245 715 32 » alios, qui adiuuant Epiſcopum & hoſce presbyteros in eccleſiæ gubernatione: quibꝰ

211 264 704 31 Lad Corinth.12. dicitur dininitus collatum donum gubernationis, quod profectò de

211 288 702 32 magiſtratibus politicis, qui nulli tunc erant inter Chriſtianos, accipi non poterat. De

213 310 700 31 vtroq autem genere 1.ad Timoth.5. Qui benè præſunt presbyteri, duplici honore di¬

213 331 701 32 gni habeantur, maximè ij, qui laborant in Sermone & doctrina. Nimirum & Epiſcopi

213 349 700 35 & presbyteri omnes ſimul adminiſtrant Eccleſiam. Ex presbyteris autem cum alijſg¬

213 371 701 35 lùm in gubernatione verſentur at pręſint, alij pariter in gubernatione & doctiſna

213 396 702 30 eccleſiæ præſunt, at eo nomine duplici honore digni ſunt. lraq́; ad hos omnes ſimul

214 416 699 28 quæ deferuntur, ea non malè dixerimus ad eccleſiam deferri, ſiquidem hi communi o¬

214 438 700 30 mnium ordinum nomine, quæ eccleſiæ ſunt curant. Per hos quo fit, vt poſtea plebs

214 481 699 33 ſeſſum eccleſiaſticum cauſſa producta eſt, illius intereſt diligenter de omnibus inqui¬

215 503 698 28 rere, quo rem totam certò cognoſcat:nec licet ad cuiuſquàm condemnationem feſti¬

214 523 700 32 nare, niſi diligenti inquiſitione & maturo conſilio præeunte. Huc pertinent illa 1.ad

198 545 715 33 „ Timoth.5. Aduerſus presbyterum accuſationem ne admiſeris, niſi ſub duobus aut tri¬

200 566 713 33 * bus teſtibus. Et paulo pòſt: obteſtor, vt hæc ſerues ſine præcipitatione iudicij, nihil fa¬

213 584 700 33 ciens iuxta propenſionem animi. Sextò: Quia vero ad conſeſſum eccleſiaſticum con¬

216 610 699 28 tingit varia de peccatis publicis deferri, operæ pretium eſt, vt Seniores omnibns benẽ

215 633 698 29 exploratis genera criminum diligenter diſtinguant. Quædam ſunt leuiora poſſunt́

215 654 698 27 nuncupari delicta:quædam ſunt grauiora & planè ſcelera. Adhæc, quidam labuntur

216 676 697 27 qui antea modeſtè & inculpatẽ vitam ſemper tranſegerunt: quidam verò nunquam

215 694 697 29 anea viſi ſunt frugi eſſe. Cum illis igitur, & qui ob prius illud genus peccatorũ moni¬

204 718 707 27 „ tione acreprehenſione egent, meritò agetur mitius, iuxta ulud ad Galat.6. Fratres eti¬

206 735 706 31 „,amſi occupatus fuerit homo in aliquo delicto, vos qui ſpirituales eſtis, inſtaurate hu¬

216 756 697 32 iuſmodi Spiritu manſuetudinis. Cum poſteriori hominum genere, & qui flagitiorum

217 782 696 28 ſunt rel, ſeuerius licebit agere, ſic tamen, vt peccatores ſemper intelligant, ex charita¬

218 825 695 26 cun autem fuerint & cuiuſcun criminis rei, qui à conſeſſu eccleſiaſtico reprehen¬

217 847 695 27 duntur, ſi obiurgationibus, exhortationibus, & authoritate Seniorum permouentur,

217 886 695 30 excommunicationis medicinam procedatur: Sed illis præſcribetur publica pœniten¬

217 907 695 32 tia, qua videlicet ſtato tempore coram tota eccleſia confitebuntur peccatum, humili¬

217 926 696 34 ter poſtulabunt ſibi condonari, vitæ promittent emendationem in omne tempus po¬

217 950 696 35 ſterum. At hoc pacto eccleſia fratrem lucratur, ouem perditam reducit in ouile. De

220 973 693 35 modo vel tempore pœnitentiæ non eſt quod in præſenti agamus. Octauò: Quod ſi,

223 997 692 31 qui reprehenduntur, nihili faciunt ſalubria & mitia Eccleſiæ remedia, ſed contemnũt

221 1019 693 25 quicquid ad reducendos ipſos in viam tentatur, tùm ſolum reſtat extremum remediũ

221 1034 692 34 Excommunicationis, ad quod inuita ac gemens Eccleſia progreditur: ſicut medicus

221 1057 694 32 poſtquàm omnia fruſtrà conatus eſt, cum dolore parat ſeſe, vt membrum de corpore

221 1081 694 30 abſcindat. Hic iam conſtituamus quartum & vltimum gradum diſciplinæ eccleſiaſti¬

221 1100 696 32 cæ, qui in ipſa actione Excommunicationis conſiſtit. in qua verba Apoſtoli inprimis

222 1120 693 33 expendere & ſequi nos oportet. Primò: Quando igitur admonitiones priuatæ, ad¬

221 1144 694 30 monitio in conſeſſu eccleſiaſtico nihil profuerũt: ſed frater peccatis tanquàm Sus lu¬

221 1163 695 36 to adhuc inuoluitur: ante omniarecte fiet, ſi, quibus inlocis vel Epiſcopus ipſe nõ eſt

221 1189 694 30 pręſens, vel ꝗ ſedent ad eccleſię gubernacula presbyteri, arbitrãtur aliquas ob cauſſas

222 1212 694 32 expedire, ad Epiſcopũ, ſuperiores, aut doctiores homines alibi agẽtes ſcribat, at vel

221 1230 696 34 mandatum ab Epiſcopo, vel certè conſilium à præſtantioribus petatur. Hacratione

221 1252 696 31 declarabunt, ſe nihil ex vitioſo affectu, vel parum conſideraté agere, pariter maiore

221 1270 692 52 fiducia in publico eccleſiæ negocio deinceps procedent. Hucpertinet, quodexrad

220 797 692 34 te non ex odio cuncta fieri, & ſalutem ſuam quæri, non perniciem. Septimò: Quales¬

219 865 693 31 agnoſcunt peccata, petunt veniam, ſubmittunt ſe eccleſiæ Dei, tùm non eſt, quòd ad

221 453 692 37 ſi quando ad Excommunicationem proceditur, reſciſcat. Quinto: Vbi porro ad con¬

834 1302 84 41 Corinth.
