1000 1564
204 127 409 32 AD TIMOTHEVM CAP. I.

732 126 22 16 61

66 147 690 36 Corinth.s, colligitur, Paulo Apoſtolo à nonnullis Corinthijs fuiſſe ſignificatum, quou

66 164 688 42 apud ipſos aliquis patris ſui haberet vxorem, Et 2.ad Theſſal.3. quod ſi quis non obe¬

66 184 686 41 dit ſermoni noſtro, per Epiſtolam hune indicate, & ne commercium habeatis cum il¬

65 199 683 51 lo, vt pudore ſuffundatur. Sin verò cauſſæ ſubſunt, ob quas non eſt neceſſarium ad

67 224 681 47 illum alios́ perſcribi, eccleſia facere iſtud omittat ſuoque vtatur iure. Secundò

67 245 681 46 Expediet porrò, vt, quoniam peccatum iam eſt maniſeſtum, is qui peccauit argu

67 267 681 48 atur etiam publicè, atque ad reſipiſcentiam omni ſtudio inuitetur. Sic enim A

71 289 685 47 poſtolus præcepit 1. ad Timoth. 5. Eos qui peccant coram omnibus argue, vt

71 310 685 45 & cæteri timorem habeant. Hacratione plebi innoteſcit actio eccleſiæ, atque ad

71 334 684 44 plebem defertur, vt teſtimonio atque conſenſu ſuo approbet. Nec enim eſſe conſcia

71 351 684 46 & adfliberi debet, vt actionem moderetur: verùm vt obſeruet, teſtis ſit, & ſignifica¬

71 377 682 40 tionem det, ſibi iudicium eccleſiæ placere. Ac fieripoteſt, vt qui intelligit, ſe pu¬

71 398 687 43 blicè perſtringi ob ſuum peccatum, incipiat moueri ad remittendum ſceleratę vitę

71 418 688 41 nuncium. Quod ſi vel hoc tempore fiat, bene erit, atque lapſus dum ſe eccle¬

70 440 678 44 ſiæ ſubijciens iudicio publicè peragat pœnitentiam, ac vitæ promittat emendatio

73 489 171 16 nen, abioipetente.

93 491 661 34 Tertiò, Fratre lapſo nullam adhuc præ ſe ferente reſipiſcentiam iudicat ecclelia ex¬

73 499 681 51 tremum reſtare remedium, nempe, vt membrũ putridum à reliquo corpore reſecetur:

73 521 681 47 Ita presbyteri ſiue ſeniores conuenientes decernant, eccleſiæ publicum eſſe indi¬

73 546 681 43 cendum luctum & mœrorem. Eſſe enim fratrem, qui in peccatis pertinax manc

75 566 679 45 at, qui nolit audire eccleſiam, quem neceſſe erit, quando aliter ſaluti ipſius con

75 590 679 42 ſuli haud poteſt, à communione excludere fidelium: lſtud ex verbis Apoſtoli di¬

75 611 679 41 ſcimus I. ad Corinth.5. Et vos inflati eſtis, ac non potius luxiſtis, vt tolleretur de me,

75 634 679 39 dio veſtrûm, qui facinus hocperpetraſſet. Et 2. ad Corinth.12. Metuo ne iterum, v

76 654 684 39 bivenero, humilem faciat me Deus meus apud vos, & lugeam multos eorum, qui

75 676 683 39 antè peccauerunt, nec eos pœnituit immundiciæ, libidinis, & impudicitiæ quam

75 695 683 45 patrarunt. Decet autem hic publicus luctus totam eccleſiam diuerſas ob cam

75 715 683 42 ſas. Primo, oſtendere vult, ſe dolere vicem fratris, qui adeò eſt excæcatus

77 742 680 36 & induratus, vt monitiones adeoqúe vniuerſam eccleſiam aſpernetur ac propte

75 758 687 43 rea ſit abſcindendus à corpore eccleſiæ: omnia membra corporis dolent, quando v

76 779 686 42 num abſcindi debet. Secundò, eccleſia declarat ſtudium ſuum pro aſſerenda Del

79 804 682 43 gloria, & vindicando nominis diuini contemptu. Tertiò, vt agnoſcatur peccati ma¬

79 823 682 45 gnitudo. Significat autem eceleſia eiuſmodi eſſe, propter quod Deus vniuerſam mul¬

79 849 683 35 titudinem puniret, niſi in illud animaduertatur, ſimul́ orat eccleſia, vt Deus parcat, et

80 868 682 39 mala impendentia auertat. Quartò, commendatur hac ratione eccleſiaſtici iudici

83 891 679 39 ſeueritas. Oportet iuſtis & grauib. cauſis ſubmittatur iudicium, propter quod toti ec¬

83 909 679 41 cleſię luctus indicitur. Et eceleſia dum paret, teſtatur ſe approbare. Quintò, qui lugen

82 933 680 39 peccata aliena, eadem opera deflent ſua: ſuam ipſi conſitentur indignitatem ac deplo.

86 955 679 39 rant, petunt veniam criminum antè patratorum, petunt ſeruari ne in poſterum ruant

82 977 682 39 in peccata ſimilia. Poſſunt & aliæ commoditates ex hac totius eccleſiæ humiliatio.

84 1004 83 32 ne ſequi.

114 1028 650 27 Quartò, publico luctu fruſtrà conſumpto indicitur publicé, vt ſtato die omnes ii

84 1043 680 33 nomine Domini conueniant, ſicut Paulus loquitur, ad perficiendam formidabilis ex

84 1062 680 36 communicationis actionem. At his tot modis, nempe publica redargutione fact,

84 1083 680 39 indicto omnibus luctu, nouo iſto mandato de conuentu agendo in eccleſia, denun

84 1106 680 35 ciatur multitudini, quid agere conſeſſus eccleſiaſtieus ſiue eccleſia velit. Ex pio

84 1127 680 36 rum autem omnium prompta obedientia intelligitur eorundem conſenſus & appre

84 1146 681 38 batio. Intereà fratri lapſo omnibus hiſce diebus interpoſitis conceditur ſpacium de

87 1170 682 35 liberandi, vtrum velit reſipiſcere. Nec omittunt pij fratres, ſiue ex ſenioribus, ſiue

87 1191 683 38 ex grege aliorum, illum exhortari, ad cogitandum de ſua ſalute. Ad eam uſ horam,

87 1214 686 35 qua excommunicationis ſentẽtia coram tota eccleſia fertur, reſipiſcenti patere aditus

88 1234 685 36 debet, ut liberè ſe eccleſię ſiſtat, atque agens pœnitentiam reconcilietur. Quintò,

87 1256 684 49 ubi tandem dies ille conſtitutus illuxit, conuenit ſtatim in loco tota eccleſia ad excõ

753 202 78 37 2. Publice an

753 229 78 30 gui a bet is,

754 247 77 37 qui publie.

754 269 60 47 peceaut.

761 441 77 26 8. Extremũ

753 461 86 21 remedium in

758 477 81 28 mẽbri putri

758 495 80 32 di reſectione

758 517 56 30 ponitur.

768 543 72 18 Cum luctu

760 551 79 32 Eccleſiæ fiert

760 573 77 27 debet excõ¬

760 591 69 30 muricatio.

760 613 79 30 1. Cor. 5.

760 633 79 34 2. Cor. 12.

771 662 69 40 Caiſſeob

764 690 75 30 quas eccle¬

764 707 79 35 lia lugere de

764 732 80 26 bet amputa

763 752 82 27 tionem mem

770 770 22 27 gri.

771 784 73 39 A raione

766 808 71 28 mẽbrorum;

766 825 78 33 condolentite,

767 849 77 29 2. Zelus pro

767 868 77 32 gloria Dei.

767 887 79 31 3. Peccati

767 908 75 27 magnitudo.

767 925 79 31 4. Cauſa,

770 946 76 30 Jeueritas iu¬

770 967 76 29 dicij eccle¬

770 984 50 29 ſtaſtici.

769 1001 70 32 5. Cauſa,

770 1020 80 31 Peccata pro

770 1042 80 34 pria deplo¬

770 1062 80 38 randaindie

771 1084 26 30 nis.

770 1093 81 40 venie de¬

769 1120 62 34 precatio.

775 1136 77 37 4. Dics indi¬

773 1160 81 28 cendus excõ

775 1181 80 25 municationi.

775 1199 78 31 Spaciumt re¬

779 1217 71 30 ſipiſcentiæ.

779 1234 76 35 5.Conuentus

777 1256 58 35 eccleſiæ.

698 1283 80 29 munica¬

649 1282 17 30 f
