1000 1564
217 140 12 21 8

370 135 383 27 IN I. EPIST. D. PAVLI

197 158 713 28 ,, los velle interuertere Euangelium. Actor: 2o. ad prebyteros Epheſios, Ex vobis ipfis

201 175 708 33 , exorientur viri loquentes peruerſa, ut abducant diſcipulos poſt ſe: Generatim aũt E¬

217 198 692 29 piphanius hæreſ.15.refert, quadruplicem apud ſcribas & legisperitos expoſitionem in

216 219 694 32 pretio habitã: primã in nomen Moſis præphetæ fuiſſe collatã: ſecundã in præceptorẽ

217 239 692 30 ipſorũ Azibam appellatũ ſiue Barchochabũ: Tertiam in Andam ſiue Annã, qui & lu¬

218 259 692 33 das: Quartam in filios Aſſamonęi. Ex his quatuor repetitionibus ſiue expoſitionibus

217 284 693 30 ſunt, quæ apud ipſos recepta ſunt Sapientiæ opinione: plera verò inſipientię nomi¬

217 304 693 32 ne iactantur, ac celebrantur: quædã etiã loco electæ doctrinæ prædicantur ac diuul¬

219 326 689 30 gantur. Hieronymo appellãtur eæ expoſitiones διουτερώτας: ldem́ enarrans cap.2.9.

219 348 694 32 Eſaiæ, refert, Nazaræos obieciſſe ſcribis & phariſæis, quòd ipſorũ διδεπερῶται defeciſ¬

219 365 693 34 ſent, qui populo illuſerant traditionibus peſsimis, at ad decipiendos ſimplices die

219 391 691 29 noctu vigilarant, qui peccare fecerant homines, vt Chriſtũ Dei filiũ negarẽt. Ex his

219 409 692 36 proinde manifeſtũ fit, quomodo multi præſertim ex ludæis, ætate Apoſtolorum, auſi

220 435 679 28 ſunt partim aliud, partim aliter docere ac ſpargere ꝑeccleſias, at ita eas perturbare.

138 447 75 50 rabile 44

239 463 671 23 Nec attendant fabulis & genealogijs, &c.) Per cõtemptũ vocat fabulas, quæcunq ave

220 477 691 27 ritate ſcripturarũ ſunt aliena, nullam vtilitatẽ aut ædificationẽ adferunt. Sic aũt 2. ad

202 499 708 30 » Timoth.4. Fabulas veritati opponit: A veritate, inquit, aures auertent, ad fabulas verò

220 518 690 31 conuertentur. Ac notum omnibus eſt, in ludæorũ expoſitionibus, teſte Epiphanio, &

220 537 689 37 cõprobantibus id Rabinorũ cõmentarijs, quas ludæi etiamnũ hodiè legunt, & ſuſci¬

220 560 690 36 piunt, plurima fabuloſa, ſtulta, ridicula, cõtineri. Sed exempli cauſſa addit Apoſtolus

220 585 600 28 vnam ſpeciem, genealogias inquã, ex qua de reliquis iudicium poteſt fieri.

139 604 72 35 Degencalo

138 628 75 36 gis iudæo¬

140 649 44 26 rum.

217 611 693 25 Cæterùm, quare genealogijs pertexendis tunc quidã fuerint curioſius, & vt repre¬

217 625 526 34 henſionem incurrerent, dediti, operæpretium eſt conſideremus.

235 653 676 25 Herodes Antipatris filius, cũ obſcuris ortus eſſet parentibus, exuſsit libros diutilsi¬

221 666 689 35 mè aſſeruatos in templo, in quibus familiarũ genealogiæ cõſcriptę fuerant: Vnde per¬

220 691 692 31 moti ludæi, inprimis Nazaręi, multũ operæ poſuerunt, in genealogijs partim memo¬

220 711 691 31 riter, partim ex diarijs & annalibus recenſendis: at iſtud facientes ludæã peragrabãt

221 730 616 32 vniuerſam Refert id Africanus apud Euſebium Bccleſiaſt. hiſtor.lib.1.cap.6.

194 660 21 39 1.

194 760 19 23 2.

241 761 671 26 Deinde, colligebant genealogias ſuas ludæi, vt lingua & inani faſtu iactarent exi¬

220 774 693 33 mios patriarchas, ac prærogatiuã quandã ſibi præ gentilibus arrogarent, perinde ac

220 795 693 32 ſi eo nomine etiã apud Deũ præſtantiores haberi deberẽt: ad Roman.3. 11. ad Philip.3.

243 820 670 32 Tertiò: Ex genealogijs conabãtur patefacere veritatẽ ac certitudinẽ diuinarũ pro¬

220 841 692 31 miſsionũ, quæ ad Abrahamũ ac Dauidẽ de Chriſto ex ſemine iſtorũ naſcituro, tot an¬

220 858 692 40 te ſeculis facte fuerãt. Hac de cauſſa Euãgeliſtę quo genealogiã Chriſti cõſcripſerũt.

243 891 670 23 Quartò: Dũ ita gencalogijs digerẽdis pleri erãt intenti, ſæpenumerõ diſſenſio¬

220 905 693 31 nes ac certamina acria exoriebãtur. Quinetiã probabile eſt, etiã de Genealogia Chri¬

220 921 693 37 ſti, vt ab Euãgeliſtis edita eſt, quoſdã nimis  odiosè rixatos: Quod ſubindicat Epi¬

221 944 692 37 phanius hæreſ.29. de Nazaræis diſſerens: Apud ipſos, inquit, Euangelium Matthæi,

222 969 691 34 quẽadmodum ab initio ſcriptum eſt hebraicis literis, adhuc ſeruatur: nõnulli etiã ge¬

221 994 466 27 nealogias ab Abraham vſq ad Chriſtum amputauerunt.

193 826 24 28 5.

194 890 29 31 4.

197 1022 20 25 5.

240 1019 676 24 Et dũ hęc pleri ludeorũ ad Chriſtũ cõuerſi vana curioſitate agerẽt, grauabãt etiã

223 1030 692 36 gẽtiles recẽs ad eccleſiã accedẽtes, vt genealogiarũ ordines perdiſcerẽt, quẽadmodũ

223 1056 691 33 refert Theodoretus: lnterea aũt aliarũ rerũ, quæ vtiliores erãt magis́ neceſſariæ, tra¬

223 1075 690 32 ctationẽ negligebãt, imò uerõ & impediebãt. Quę omnia cũ ſic ſe haberẽt, meritò re¬

223 1094 677 36 prehendit Apoſtolus inane & noxiũ hoc ſtudiũ, at oẽs ab eo detrahere deſiderat.

149 1129 56 27 obiectio

246 1126 667 24 Quid? dicet aliquis: Chriſtiani nõ curabunt genealogias? Aut peccant, qui ueteres

225 1137 688 36 illas ex ſcripturis inueſtigẽt? uel, qui etiã hoc tẽpore illuſtriũ familiarum, inprimis re¬

226 1158 686 41 giarũ ac principaliq̃, maiorum, originẽ ordine digerunt? Reſpondeo aliquot propo

226 1182 687 34 ſitionibus, Genealogias in libris ſacris ueteris teſtamẽti cognoſcere ſtudebimus, id

227 1202 689 33 eaſdẽ ob cauſas, ob quas Spiritus Sanctus mãdari literis illas uoluit: pimô quidem, ut

227 1225 689 31 notemus rationẽ tẽporum at annorũ mundi ſeriẽ. Secundò uero, ut deprehenda¬

226 1243 690 38 mus, quomodo impletæ ſint promiſsiones, ad ſanctos patres, de Chriſto ex ipſorum

226 1266 691 38 poſteritate naſcituro, factæ. At hæc poſterior cauſa cũ primis obſeruãda eſt. Ac di¬

226 1287 687 38 gnũ eſt, quod adnotetur, ſingulari Dei prouidentia factũ ut paulatim & quaſi per gra

226 1311 690 49 dus à promiſsionibus generalioribus ad ſpeciales progreſſus fieret. Primum nam

148 1169 69 23 Reſponſio.

148 1180 69 33 1. Propoſi

148 1202 26 29 tio.

147 1231 75 17 Vtile eſt ue¬

146 1241 77 30 teris teſtamẽ

143 1260 74 27 ti obſerugi

144 1278 73 33 genealogia

144 1299 73 29 1.vtilitas.

143 1320 74 32 2. Vtilitas.

841 1337 75 35 Adamo
