1000 1564
229 135 33 29 46

398 132 391 30 IN I. EPIST. D. PAVLI

160 371 62 27 Propoſitio

157 389 71 29 Euangelij e

159 409 67 26 doctrinæ el

159 424 71 50 Ceſicseer

157 445 73 32 ralis eſt de ſ.

159 467 70 24 lute homini

161 486 68 28 & iuſtifica

157 503 72 30 tione pecca

155 522 45 30 torum

160 550 66 20 Horeticori

159 564 67 48 parſaios

160 579 70 32 Pontificiort

156 602 69 28 traditione.

160 620 70 48 En8d

161 643 60 26 bo Dei &

157 654 75 36 Euãgelij de

162 681 59 30 ctrinæ ad¬

157 702 60 26 uerſantur

160 728 69 21 2. Vita Chi

161 737 73 67 Repe aee

157 757 76 47 uu eſſe debs

157 779 21 26 at.

161 868 71 23 4. Impiorl

162 883 68 28 mores fide

161 901 67 54 preſſier

159 920 46 39 Indigne

161 977 64 46 1coſctee

162 991 66 93 E

160 1013 72 71 LLhe

161 1034 69 49 1eAie.

161 1049 69 35 los conſcie

162 1073 23 30 tiæ.

229 157 694 26 comitari ipſam etiam in hac uita ſolent, denique & glorificationem, quæ poſt hanc ui¬

231 173 692 30 tam æterna apud Deum in cœlis ſuccedit. Vide, quàm magna & multa Apoſto¬

231 196 692 32 lus uno uerbo ſuggerat expendenda. Hæc uerò omnia per Chriſtũ contingere creden

231 218 693 27 tibus luculenter docet Apoſtolus cum alibi, tum ad Epheſ.1. & 2. Porrò hoc membiũ

231 235 692 34 de ſaluandis peccatoribus, poſtremo loco poſitum eſſe videtur, vt eò cõmodius con¬

232 263 433 27 uertatur ſequens probatio de exemplo ſuæ perſonæ.

220 282 705 28 1. Obſeruandum proinde eſt dogma Euangelicum, quoſcun ſine vlla perſonarum

233 300 693 34 exceptione peccatores ſalutem per leſum Chriſtum conſequi. Hæc ſumma eſt ſiue

233 321 693 36 generalis propoſitio, & Status doctrinæ vniuerſæ, quam Euangeliſtæ & Apoſtoli

233 343 692 35 ſuis ſcriptis inculcant, ſicut & loannes hoc ferè pacto concludit ſuum Euangelium

233 363 691 35 cap.20. Hæc ſcripta ſunt, inquit, ut credatis, quod leſus eſt Chriſtus ille fillus Dei, &

233 387 692 33 vt credẽtes vitam habeatis per nomẽ eius. Similiter lex & prophetæ perpetuò ſunt de

233 407 430 30 vno Seruatore Chriſto concionati, Matth.5.Luc.24¬

239 437 686 26 2 Redarguũtur omnes hæretici, qui de Chriſti deſcenſu de cœlis in terras, de eius

238 448 682 39 incarnatione, morte, cæterisq́, quæ idem noſtræ ſalutis cauſſa in aſſumpta natura hu¬

238 470 687 39 mana perfecit, quouis modo dubitant, aut quæſtiones præter ea & contra ea, quæ

239 492 685 35 de his apertè ſunt in Scripturis podita, curiosé mouent & periculosè contendunt.

242 514 682 36 Sed illi potiſsimùm relmquantur, qui iubent homines ſalutem aliunde, quàm à ſolo

238 534 687 38 Chriſto expectare. Non opera propria quamlibet ſpecioſa: non merita aliorum ho¬

241 556 684 39 ninum, qui bonarum actionum ſuarum communicationem alijs promittunt, ne di¬

241 576 685 43 cam pretio accepto communicant: non denique ſanctorum hominum, qui è viuis

241 599 685 38 exceſſerunt, inuocationes & interceſsiones, ſalutem nobis adferunt, ſed ſolus leſus

242 643 565 37 peccatores, quemadmodum hîc Apoſtolus diſertè aſſerit, ſaluos faciat.

242 619 684 40 Chriſtus interceſſor & mediator noſter apud patrem, qui ideo in mundum venit, ut

256 673 672 26 Eorum verò, qui ſalutis per Chriſtum allatæ ſacti ſunt participes, intereſt pie ſan¬

243 684 683 38 ctæ viuere. Id autem quo animaduerti poſsit, tum quod ipſi verè in Chriſtum cre¬

241 707 687 35 dant, memores & grati ſint pro beneficijs per Chriſtum acceptis, tum quòd Chriſti

241 728 685 37 mors in illis ſit efnicax atque mirabiles fructus ſpirituales producat. Ad Tit. 2.Illuxit

242 748 684 40 gratia Dei ſalutifera omnibus hominibus, erudiens nos, vt abnegata impierate &

241 768 685 40 mundanis concupiſcentijs ſobrie & iuſté & piè viuamus in præſenti ſeculo, expectan¬

217 791 713 35 „ tes beatam illam ſpem & illuſtrationem gloriæ magni Dei & Seruatoris noſtri leſu

219 816 710 35 » Chriſti, qui dedit ſemetipſum pro nobis, vt redimeret nos ab omni iniquitate, & pu¬

226 838 582 33 ,rificaret ſibi ipſi populum peculiarem, ſectatorem bonorum operum.

254 864 675 27 Abs re autem iactant ſe eſſe Chriſtianos, ſe verè in Chriſtum credere, ſe agnoſce¬

237 878 693 35 re, quanta bencficia à Chriſto in omni vita acceperint, qui ſic interim viuunt, vt bar¬

237 897 693 38 baris hominibus, quibus nihil vnquam de Chriſto & doctrina Chriſtiana fuit propo¬

237 920 693 37 ſitum, nihilo ſint mellores: Imò propter eos nomen Dei & Euangelium blaſphema¬

235 950 182 31 tur apud aduerſarios.

259 973 673 29 Cæterùm pij hæc verba Apoſtoli altiſsime infigent memoriæ, & ex ſingulis capl¬

238 986 692 34 ent vberem materiam conſolationum, quandocunque ſe vel alios tentari animad¬

238 1007 692 35 uertent. Nec enim fieri poteſt, quin aliquando aut nos ipſi aut alij metu iudicij at¬

238 1027 694 36 que iræ Dei, & propriorum ſcelerum conſcientia animo conſternemur, atque etiam

239 1049 693 37 in hac vita circumuallemur mortis & inferni doloribus. Operæ pretium igitur eſt, nos

238 1071 694 36 hac ſententia Apoſtoli & alijs ſimilibus tanquàm valido præſidio atque armis muniri

238 1093 695 33 atque ſuſtentari. Ac colligent pij plures tales locos diligenter, qui ad manum ſint

238 1117 695 32 quandocunque poſtulabit neceſsitas. Matth. 9. Non egent medici opera qui ſani

238 1136 695 37 ſunt, ſed ægroti. Matth. 11. Venite ad me omnes qui laboratis & onerati eſtis, &

238 1158 695 36 ego refocillabo uos. Matth.1. Non ſum miſſus, niſi ad oues perditas domus lſra¬

238 1179 696 33 elis. Marci 2. Non ueni ad uocandum iuſtos, ſed peccatores ad pœnitentiam.

236 1202 698 34 Matth.18. & Lucæ 19. Venit filius hominis quærere & ſaluũ facere quod perierat. Lu¬

220 1221 716 32 » cæI5. Gaudiũ erit in cœlo ſuper uno peccatore reſipiſcẽte magis, quàm ſuper nonagin

221 1247 715 34 „ ta nouẽ iuſtis, qui non indigẽt pœnitẽtia. loan.3. Sic Deus dilexit mundũ, ut filiũ ſuum

221 1265 716 53 „ unigenita daret, ut omnis qui credit in eu, nõ pereat, ſed habeat uita æternã. Nõ enim

886 1291 51 34 miſit
