1000 1564
211 132 414 27 AD TIMOT HEVM CAP. I

751 141 15 22 23

103 154 669 24 Quartò addi poteſt, quod cum ſatis ſit partiri omnes homines in duo genera, piorũ

83 171 688 30 inquam, & impiorũ, ſatis quo erit duplicem legis vſum pro hominum duobus gene

84 197 685 25 ribus conſtituere, vt intelligatur lex vniuerſis ſine exceptione hominibus profutura,

84 213 687 31 ſi modo ea legitime vtantur. Quintò, ſunt omnia officia omnes fructus legis in his

86 241 684 24 tribus poſita, videlicet, pœnitentia, fide, & Charitate, ne vltra hæc exigi quicquam

86 260 683 25 ab vllis hominibus ſlue impijs ſiue pijs poteſt. Hæc autẽ ipſa duplici vſu, quẽ Apoſto¬

86 280 684 31 lus tradidit, explicantur. Ergo manifeſtũ fit, Apoſtoli partitionem de duplici vſu legis

86 301 522 28 ſufficere, nec vllam eſſe neceſsitatem, quæ aliter partiri nos cogat.

105 327 656 23 Iniuſtis & ot ſequentibus.) Enumeratio diuerſorum hominum contra legem peccan

83 341 679 35 tium, propter quos lex lata intelligitur, vtpote qui ſi rectè vterentur lege, fructum nor

84 366 678 30 madiocrem referre ex ea poſſent. Collocat autẽ primo loco duas voces generales, in

84 387 678 31 iuſtos videlicet & inobſequentes, quibus ſtatim peſtringitur propria hominum mali

83 405 679 34 tia & corrupta voluntas, qua auſi ſunt legem contemnere, nec patiuntur, ſe per ean

83 427 679 33 in ordinem redigi. Siquidem lex cauſam peccati nequaquam præbet, ſed ipſorũ hom

84 451 686 32 num ingenita iniuſticia & praua voluntas legi Dei ſubdinolẽs: ad Rom.7. &8. Quod

85 472 685 31 ſi audire legem tandem vellent, & cõmouerentur per eam de vitandis peccatis, & ad

83 492 681 39 bene agendum excitarentur. Elegans eſt ἀντανάκλασις, νόμ ω κῶται ἀνόνοις, quaſl dicat.

87 513 201 28 lex poſita eſt exlegibus.

107 540 665 28 Impips & peccatoriéus.) Diſtributio, cuius priori membro redarguũtur, qui in primã

86 555 685 34 Decalogi tabulam peccãt, quæ mandat ſyncerum Dei cultum, hoc eſt, veram in Deũ

88 577 682 38 pieratem. Poſterius membrum eos reſpicit, qui peccant in ſecundam tabulam, & craſ¬

88 597 233 30 ſioribus ſant vitijs inquinati.

109 626 662 30 Irreuerentibus & prõſanis) Explicatio duorum membrorum proximè poſitorũ per

86 642 686 32 ſubiectas ſpecies. Primumn igicur recenſet, quos intelligat impios, irreuerentes nimirũ

87 663 647 30 & profanos, qui metu Dei prorſus ſunt vacui nullo́ ducuntur religionis ſtudio.

111 692 662 22 Parricidis & matricidis.) lam, quos intelligat peccatores ac reos tranſgreſsionis ſe¬

85 703 685 34 cundæ tabulæ. Eo autem ordine hîc enumerat diuerſa hominum peccantium genera,

86 728 686 34 quo conſpiciuntur præcepta ſecundæ tabulæ collocata. Nominat patricidas & matri¬

86 749 686 32 cidas, propter illos omnes in genere, qui peccant contra quintum præceptum deca¬

86 769 686 35 Iogi, quod in ſecunda tabula primum eſt, nempe, Honora patrem & matrem. Nomi¬

86 792 687 31 nat homicidas, qui peccant aduerſus ſextum præceptum, Non occides. Dehinc ſcor¬

86 814 687 30 tatores & maſculorum concubitores, qui peccant in ſeptimum præceptum, Non mœ

86 835 687 30 chaberis. Tum plagiarios, qui præcepti octaui tenentur rei, quod eſt, Non furtum

86 856 687 34 facies. Deni mendaces & periuros, qui peccant in pręceptum nonum, quod eſt, de

88 877 683 32 non ferendo falſo teſtimonio. Eſt́ hic ordo ob duas maximè cauſas obſeruandus.

90 897 681 36 Prima, ut aſſueſcamus contrà ac multi faciunt, rectè digerere Decalogi duas tabulas,

92 918 681 35 & in ſingulis certum præceptorum numerum atque ordinem. Secunda, quando¬

90 938 683 39 cun noſtram ipſorum probare volumus conſcientiam, & peccata coram Deo con¬

89 959 685 40 fiteri, diſcamus hacratione per ſingula Decalogi præcepta progredi, & in ſingulis

88 982 685 35 memoria repetere, quàm multa & quàm horrenda peccata contra eadem admiſeris

88 1005 685 36 mus. Hac via & permouebimur ad ſcelerum pœnitentiam atque miſericordiam à

89 1022 682 41 Deo poſtulandam, & bona Dei lege legitimè vtemur. Si quis alias vult formas exa¬

88 1046 685 35 minandi & probandi ſemetipſum præſcribere, quàm quæ verbo Del nobis com¬

88 1067 685 35 mendantur, is uehementer errat. Tutiſsimum eſt ſequi ductum præceptorum Deca¬

88 1086 685 42 logi, quando ad ea facile eſt reducere, & omnis generis bona opera, quæ à Deo præ¬

90 1109 683 45 cipiuntur, & omnis generis peccata, quæ à Deõ prohibentur. Contrariorum nam

89 1133 236 31 cadem tenenda eſt hæcratio.

771 314 68 44 Peccautæ

771 342 77 35 praua homi¬

771 364 77 33 nis uolunta¬

771 384 72 33 te pullulat,

770 405 72 30 non ex lege

770 423 72 34 Dei ſaicta.

770 490 78 44 νίμω na͂τα

767 514 55 45 ariuen.

109 1159 665 30 Et ſi quid aliud eſt, quod ſanæ doctrinæ aduerſetur.) Concluſio, qua ſigniſicat eodem

90 1177 685 38 modo iudicandum tum de reliquis præceptis, ſi quæ uiſus eſt prætermittere, tum de

91 1198 684 35 infinitis alijs peccatis, quæ aduerſus ſingula præcepta deſignantur, atque enumerare

91 1216 680 39 eſt impoſsibile. Eſt́ illud notandum, quod iudicium de peccatis uult peti ex doctri¬

91 1240 678 36 na ſana. Etenim ubi doctrina ſana non eſt, ibi rectũ de bene uel malè factis iudiciũ nor

89 1257 681 56 eſt. Corrupta doctrina cõ perducuntur hemines, ut quæ reuera peccata ſunt admode

774 1193 63 58 Exigt.

776 1238 71 29 Det iudiciũ

775 1260 66 29 fumitur de

774 1277 63 34 Jactis bo¬

774 1296 51 41 mimm.

671 1295 99 44 deteſtanda,
