1000 1564
222 136 400 28 AD TIMOTHEVM CAP. I.

750 137 9 27 5

86 159 681 23 doment, proſternant, vel aliquid eidem permittant. Huc pertinent hiloci: loan.12.

86 176 681 30 Nunc iudicium eſt mundi huius: nunc princeps mundi huius eijcietur forâs. Ioan.18.

86 198 682 30 Spiritus ſanctus arguet mundum de iudicio: quia princeps huius mundi iam iudica¬

86 219 681 26 tus eſt. Et Matth.o. Marci 16. Luc.9.clarè dicitur, Chriſtum feciſſe diſeipulis hanc po¬

87 240 684 31 teſtatem, vt in nomine ipſius dæmonia eijcerent. Ad Rom.16. Deus pacis conteret Sa

87 261 681 31 tanam ſub pedes veſtros. Ex his & ſimilibus locis perſpicuum fit, in nouo teſtamento

89 280 678 33 pijs datam eſſe longè aliam poteſtatem in Satanam, quàm vnquàm antea data fuerat.

91 303 674 29 Verum quidem eſt, habuit eccleſia in veteri teſtamento nõnullas imprecationes, qui¬

87 320 677 35 bus peccantes deuouentur ac vindictæ atroci ſubijciuntur, vt Numer.5. Mulieri, quan

87 346 680 29 maritus ſuſpectam habet de adulterio, porriguntur cum execrationibus aquæ amaræ

88 368 683 30 & haledictæ. ltem Deurer.27. & 28.variæ execrationes recenſentur. Sed in illis non

87 387 685 30 exprimitur aliquid de poteſtate in Satanam, quemadmodum in nouo Teſtamento:

87 410 685 30 ſiquidem nondum venerat Chriſtus, per quem Satanas eſt ſuperatus, & ſubiectus cre

88 432 683 28 dentibus. Legimus 2. reg. I. Elia dicente ad quinquagenarium: ſi vir Deſ ſum,

89 451 684 32 deſcendat ignis de cœlo, & deuoret te, & quinquaginta tuos: bis quinquaginta

88 475 680 29 ſubitò abſumptos. Et 2.reg.2. Eliſa maledixit pueris qui illudebant ei, ſtatim à duab.

88 497 678 27 vrſis è ſylua proſilientib. diſcerpti ex eis quadraginta duo ſunt. Verùm hæc vindicta

88 516 681 32 non erat ordinaria, ne eccleſiæ in lege propoſita, ſed potius numerãda inter miracu¬

87 538 680 31 la quibus Deo placuit demonſtrare, quantus honor veris miniſtris debeatur. Iden

89 561 684 28 iudicãdum de eo eſt, quod Act.5.refertur de Anania & vxore elus ſaphira, quòd, cùm

89 581 681 29 redarguerentur à Petro ob mendacium & fraudem de pretio agri diuẽditi, ſubito ex¬

90 603 681 29 pirarint. Adhæc incertum, an tales punitiones ceſſerint tantũmodo ad interitũ carnis,

92 626 681 25 ad ſpiritus verô ſalutem. Siquidem illis ſubitò morientibus non eſt conceſſus reſipi¬

91 645 682 29 ſcentiæ locus, vri his, quos eccleſia in nouo Teſtamento Satanæ tradit, quorum certè

89 665 684 31 ſalutẽ eccleſia quærit, non exitium: & medicinam illis potius exhibet, quam occîdit:

89 687 679 31 ſicut 1. ad Corinth.5.licet videre. Ergo, vt concludamus, tradere aliquẽ Satanæ eſt pars

90 710 677 32 eccleſiaſticæ diſciplinæ ac ſeueritatis, qua nimirum declarat eccleſia, talem hominem

88 729 681 33 propter flagitia ſua non agnoſci inter viua membra eceleſiæ ſeu regni Chriſti: ſed pos

88 752 681 31 tius redactum in poteſtatem Satanæ, à quo & poſsit ad tempus diuexari, grauius vidé

90 772 683 29 licet aut mitius, prout Deo viſum fuerit eccleſiæ iudicium comprobare:id autem, quò

91 798 685 29 caſtigatus & humiliatus in viam redeat: quandoquidem de ſalute eius nondum deſpe

89 815 678 33 ratur. Qua de cauſa hoc ipſum vindictæ genus mitiori nomine excommunicationen

89 836 678 32 nõnulli appellarunt: ſiquidem denunciantur homines propter peccata à cõmuniont

92 861 683 28 ac ſocietate credentiũ tantiſper exeluſi ac ſeparati, dum reſipiſcant. In quam ſententiã

93 882 682 29 Chriſtus Matth. 18.ait, eum, qui non audierit eccleſiam, habendum pro ethnico & pu¬

94 900 682 34 blicano. Et Paulus 1ad Corinth. 5. prohibet pijs, ne cum flagitioſis commiſcean¬

93 921 684 35 tur: ac ne cibum quidem cum illis capiant. 1.ad Corinth.16. & ad Galat.1.fiunt anathe

93 943 683 35 mata. Ita nolle commiſcêri cum aliquo, ſiue excommunicare, habere aliquem pro

91 960 680 38 ethnico & publicano, tradere aliquem Satanæ, pronunciare eſſe anathema, ferè pro

93 987 681 33 eodem accipiuntur, & ſimpliciter ſignificant grauiſsimum vindictæ ſeu pœnæ genus,

93 1007 683 38 quod ecclefia poſtomnia tentata ad emendandos & redigendos in ordinẽ homines

92 1029 138 29 infligere poteſt.

113 1057 653 28 Nunc dicamus, quas ob cauſas tradi aliquẽ Satanę iuxta verbũ contingat. Cũ Ape

91 1071 676 38 ſtolus 1.ad Timoth.. Satanę tradat Alexandrum & Hymenæũ, propter corruptã ab i

91 1090 676 38 pſis doctrinã: Rurſus 1.ad Corinth.5. Satanæ eũ tradat, qui rẽ habuerat cũ nouerca: mi

93 1118 677 31 nifeſtum hinc fit, duo rectè diſtingui hominũ genera, in qs eccleſia ſuo illo iure vtetur,

91 1135 679 35 Alterũ eorũ eſt, qui peruertunt doctrinã. Alterũ eorũ, qui manifeſtis obnoxij ſunt fla

92 1158 678 31 gitijs Ac de corrumpentib. doctrinã plures ſcripturæ loci apertè agunt. Ad Romae

92 1176 678 41 ꝗ diſsidia & offendicula cõtra doctrina ſemel recte traditã gignunt. Ad Galat. 1.ſi quis

92 1199 678 39 prędicauerit Euangeliũ p̃ter id, quod Apoſtolus prædicauerat. 1.ad Timoth.4. ſpiritus

94 1224 682 30 impoſtores tradẽtes doctrinas dæmonſorũ. Act.2o. lupi falſa loquẽtes. Ad Tit.3. ſecta¬

93 1245 686 31 rum autores: L.loan.4. &2. Epiſt. loan. qui doctrinã de Chriſto non adferunt. Hi, inquã

93 1263 684 50 omnes illis locis iubentur vitariab omnibus, vt nec Aue illis dicatur, & habeantur a¬

771 294 77 27 Imprecatio¬

768 312 83 27 nes ueteris te

777 329 52 41 lanenti.

773 684 80 27 Tradere Sa¬

773 702 80 26 tanæ eſt ec¬

773 720 80 33 cleſiaſticæ di

775 740 52 36 ciplin¬

773 757 37 35 prrs.

773 490 80 23 Vindictaex¬

773 508 79 25 traordinaria,

779 525 69 44 Tmiraculo

769 543 21 35 Ia

775 805 73 56 Excoẽnuen¬

775 836 37 35 catio.

777 967 71 46 Ancbenæ

773 1031 82 33 Cauſe, pro¬

775 1049 80 32 pter quas ati

777 1072 78 33 quis tradi s.

775 1093 78 29 lanæ debeat,

774 1114 83 29 Duo genera

776 1134 66 23 eorum, in

780 1149 73 31 quos eccle¬

779 1167 76 33 I4 exercere

779 1187 69 30 aiſciplinamt

779 1206 73 50 pus potſe

713 1296 64 40 nathe
