1000 1564
217 133 407 26 AD TIMOTHEVM CAP. I.

750 143 12 18 13

79 157 687 23 item́ de quibuſdam alijs à Chriſtiana doctrina remotis, quæ tamen, vt Hieronymus

79 175 685 28 in epiſtola ad Anilum ait, ipſe non dogmata, ſed tãtùm quæſita proiecta appellauit.

79 193 686 29 Et ſcimus, per Auguſtinum, Hieronymum, Claudianum, Mamertium epiſcopum

80 218 685 28 Viennenſem in Gallia, permulta diſcuſſa eſſe de anima, ſubtiliter magis, quàm piè, id

79 237 685 30 eſt, philo ſophicè potius, quàm theologicè, etiamſi videntur huc importunitate quo¬

80 259 684 30 rundam hæreticorum fuiſſe adacti. Auguſt. Epiſt. 56.refert, Dioſcorum petiuiſſe à ſe,

80 278 685 30 vt locos aliquos de dialogis Ciceronianis explanaret. Negari inſuper non poteſt, va¬

80 301 686 30 rias quæſtiones inductas in eccleſiam & ſcholas eccleſiaſticasà theologis appellatis

80 321 684 33 ſcholaſticis: item́ à Canoniſtis: de quibus incertum eſt, an lureconſulti, an Theolo¬

83 340 675 37 gi agnoſci poſsint, quæ tamẽ cum religione Chriſtiana cõmune nihil habent: In ſum¬

80 366 679 29 mPigitur omnes huiuſmodi quæſtiones, quoniam, ſi cũ verbo Dei conferantur, ſunt

78 388 684 30 tanquam fabulæ & nugæ, licebit Theologiæ ac veritatis Chriſtianę ſtudioſo reijcere,

78 406 679 31 tanquam ad ſe nihil pertinentes. De hac re præceptũ habemus diui Pauli ad Coloſſ.2

81 430 695 30 Videte, inquit, ne quis ſit, qui vos deprędetur per philoſophiam. & inanem diſcepta¬‟

80 450 702 32 tionem, iuxta conſtitutionem hominum, iuxta elementa mundi, & non iuxta Chriſtũ. ‟

80 472 701 30 Etiad Timoth.1. Denuncies quibuſdam, ne diuerſam ſequantur doctrinam, nec attenᛘ ‟

80 497 703 29 dant fabulis & genealogijs nunquã finiendis. Rurſus2. ad Timoth. 4. Erit tempus, cũ ‟

79 515 702 29 ſanã doctrinã non ſuſtinebũt, ſed iuxta cõcupiſcẽtias ſuas coaceruabũt ſibi doctores, ‟

80 540 702 26 quibus aures pruriunt, & à veritate quidem aures auertẽt, ad fabulas verò cõuertẽtur. ‟

97 565 660 21 Secundum genus quæſtionũ eſt, cũ proponuntur ſpecie quadam pletatis, vt plane

79 576 678 32 theologicas eſſe, & verbo Dei comprobari, aut certè ad Scripturarum intelligentiam

79 599 678 31 aliquouſ profuturas aliquis ſuſpicetur: Attamen vbi accuratè perueſtigaueris, latẽs

81 625 683 25 abſurditas, vanitas, aut etiam impietas ſeſe tandem prodit. Exemplum adfertur ab A¬

80 643 686 31 poſtolo. Doctrina legis præclara eſtar in eccleſia perquàm neceſſaria. At ſic tradi

80 667 684 28 ca poteſt: Verùm ſi addatur, quòd lex data ſit, vt per eã iuſtificemur coram Deo, vel,

80 687 685 28 vt etiam gentiles ipſam cum omnibus ſuis partibus recipiant obſeruent́, contagium

80 705 683 34 & magnum malum hinc ſequetur. At ita ductabunt eiuſmodi doctorés à principijs

78 728 685 34 plauſibilibus ad noxios progreſſus hoc eſt, ad matæologiã, id eſt, vaniloquiũ. Quam¬

81 752 590 26 obrem definit Apoſtolus, tales diſputationes eſſe omni ſtudio fugiendas.

127 780 612 29 Porro finis, inquit, præcepti est charitas ex puro corde, & conſcientia bona, &

104 798 633 39 fide non ſimulata, à quibus quòd aberrarunt quidam deflexerunt ad vaniloquiũ,

105 829 635 29 ματαολογίας, volentes eſſe lepis doctores, non intelligentes quæ loquuntur, neq de

106 852 633 36 quibus aſſeuerant ad perturbandam ſanam doctrinam & lacerandas eccleſias:

765 316 78 51 Onues que

766 360 81 26 ſtiones fabu

765 377 78 27 loſæ et à uer

766 393 76 27 bo Deiatie¬

764 414 76 36 ne figiẽde.

102 877 662 31 Quidam aliquando contenderunt, credentes vniuerſos per Chriſtum reſtitui pri¬

83 901 683 29 mæ innocentiæ: hinc porrò nudos debere omnes incedere & ſacra peragere: hac de

83 922 682 30 cauſſa appellati ſunt Adamianſ referente Epiphanio: Quamuis & patrum noſtrorum

82 941 683 37 memoria idem ſenſiſſe ac docuiſſe quoſdam Bohemios, Aeneas Syluius hiſtoriæ Bo

82 963 683 33 hemicæ cap.41. narrat. Quiſquis autem natura congenitum pudorem adhuc retinet,

82 985 684 35 ſtatim agnoſcit, illos vana & abſurda conatos tueri. Ophitæ hæretici ſerpentem ado¬

81 1006 685 33 rarunt, ſed interpretantes, ſe in ſerpente colere ipſum Chriſtum: nam in Scripturis cũ

82 1027 684 36 Serpente à Moyſe erecto confertur: ac typum ſui elucere in hoc voluit Baſilius, fama

81 1047 685 35 eſt, ſolitos tum ſeſe, tum hoſpites ſuos religionis cauſſa caſtrare. De Rhetorianis D.

82 1073 684 33 Auguſtinus in libr. de hæreſibus ad Quoduuldeũ ait, Quod cenſeant hæreticos oẽs

80 1095 686 31 recte ambulare & vera dicere. Ita multa quæ proponuntur & firmis exiſtimãtur niſa

80 1117 686 33 rationibus, abſurda, vana, & nugatoria deprehenduntur, ac proinde indigna, quę per¬

81 1136 686 34 cipere pij laborent. ldem iudicium eſto de Enarrationibus, quibus impij ludæi libros

81 1156 686 31 ſacros contaminant: item de plurimis quæſtionibus Sophiſtarum ſcholaſticorum: ve¬

82 1177 687 36 luti cùm diſputant, Vtrum hæc propoſitio, Deus pater odit filium, ſit poſsibilis. Vtrũ

84 1201 614 31 ſit aliquid in generatione diuina: Et quis enumeret omnia huiuſmodi deliria ?

764 557 76 34 2 Genuiqua

765 583 75 34 ſtionum ab¬

765 604 64 39 ſurdarum.

105 1230 657 23 Terin generis quæſtiones ſunt, quæ de rebus mouentur longè ſupra ingenij capti

82 1240 680 35 poſitis. Fruſtra illis quis cognoſcendis ſeſe macerat, quæ non ſperat ſe aſſecuturum,

83 1261 679 52 Tales audiuntur nonnulle de myſterio Trinitatis, de filio Dei, de Spiritu S.de Sancto

769 1221 75 24 3.Genusquæ

766 1234 73 31 ſtionũ, que

766 1248 78 38 ſuutrenot¬

766 1273 73 31 ab hominis

649 1292 33 32 b

726 1298 86 52 tun cpu.
