1000 1564
244 128 16 19 19

402 124 392 28 IN I. EPIST. D. PAVLI

166 230 72 30 a. Fides nos

164 244 64 42 ſimmalat¬

241 149 692 22 errorem, corruptelam, malitiã, & quicquid veritati ac ſyncerirati aduerſatur. Sunt ſins

241 161 692 35 gula charitatis officia tanquam in ipſius Dei conſpectu facienda: aliâs non eſt quod

241 185 691 28 cogitemus, Deo inſpicienti corda, ac iudici cõſcientiarũ accepta fore. Cõſcientia ad¬

242 205 675 31 uertens ſe à linea veritatis deflectere, ſeipſam coram tribunali Dei accuſat iugulat́.

260 230 671 27 Et fide non ſimulata.) Tertiò, requirit etiam Apoſtolus fidem non ſimulatam: neceſ¬

240 248 691 30 ſariõ hanc particulam addidit: Nam etiãſi conſcientia nixa non ſolûm naturalibus no

241 272 691 28 titijs, verùm etiam verbo Dei optimè iudicet: tamen ſine fide ac Dei gratia non datur

250 290 680 34 id vere bonas actiones progredi. Fides nam, ſine qua impoſtibile eſt placere Deo,

241 316 690 28 & qua accipitur Spiritus Sanctus, ſola charitatis vberes fructus ꝓducit, vſ adeò, vt

241 333 689 33 fruſtrà cor apprehendat ac proponat bona, fruſtrà itẽ dijudicet probet́ conſcientia,

240 358 691 32 niſi accedat fides, quæ benè cœpta ſunt optimè abſoluens. At hinc fit, ꝙ fides & on

226 377 702 31 " ſcientia in Scripturis aliquoties cõiungantur, vt paulò poſt hoc ipſo capite, Hoc præ¬

226 403 704 24 „ ceptũ cõmendo tibi, fili Timothee nẽpe vt ſecundũ prægreſſas de te prophetias, mi¬

226 420 704 29 „ lites per eas bonã militiã: retinens fidẽ & bonã conſcientiã, qua repulſa, nõnulli fidei

226 444 704 27 „ naufragium fecerunt. Ad Rom.14. Beatus qui nõ iudicat ſeipſum in eo, quod probat:

226 466 703 27 " Qui verò ambigit, ſi ederit, condemnatus eſt, quoniam non edit ex fide: quicquid ve

231 488 698 28 „ rò exfide non eſt, peccatum eſt. Exigit autem Apoſtolus fidem non ſimulatam. Eſt

239 507 689 30 ſanè fides quædam pleriſ natans in ore, & ab hypocritis multum iactata:ſed qualem

239 528 689 29 etiam in dæmonibus, vt ait lacobus 2.capite, liceat reperire, quæ certè nihil vitale in ſe

238 548 689 34 habet. Huiuſmodi autem fides pro ducet fortaſſe aliqua opera in ſpeciẽ bona. Cõſtat

235 572 692 28 nam, quantas res Phariſæi & multi etiam, gentiles facere conſueuerint, & adhucfa¬

235 591 693 31 ciant. Attamen non profert opera verè bona, ſiue opera eius Charitatis quam Apoſto

234 613 695 34 lus dicit eſſelegis finem. A fide, quæ Charitati ſeruit, & per dilectionem operatur, ab¬

234 631 693 32 eſſe ſimulatio & hypocriſis omnis debet, nec poteſt bonis operibus vacua conſiſtere.

233 656 695 33 Ita Apoſtolus tria hæc, cor, inquam, conſcientiam, & fidem, mirabili prudentia con

233 677 694 32 iunxit, at optimo inter ſe ordine collocauit, & cõgruentia epitheta ſingulis attexuit.

233 696 695 30 Cor primò excipit Dei præceptum de agendis vel non agendis. Conſcientia adiuta

233 722 694 26 verbo Dei probat ac definit. Fides quoniam accipit Spiritum Sanctum, producit effi¬

233 742 694 32 caces actiones. Cor ſe habet velut perſona cauſam deferre ad ſuperiorem volens. Con

232 762 695 33 ſciẽtia eſt tanquã iudex examinãs, cognoſcens, & ferens ſententiam, non modò exno

232 782 694 33 titijs naturalibus, uerũ etiam ex verbo Dei, veluti ex ſcriptis legibus. Fides poſtremò

231 806 695 34 exequitur, per quã niſi fieret executio, abs re & cor, & cõſcientia laborarent. At ita

231 828 695 32 quaſi per gradus quoſdã ad ea fit progreſſus, per quæ abſoluuntur veræ charitatis offi

232 850 693 28 cia. Vnde & incrementi rhetorici ratio quędã notari in hac enumeratione & colloca¬

231 869 694 31 tione poteſt. Ex his aũt omnibus liquet, quæ nã ſit cauſa formalis charitatis, & quòd

230 892 696 33 nõ tàm exiguares ſit vera & perfecta charitas, at nõnulli ſuſpicantur. De fide & Cha

230 909 696 36 ritate multi uerbosẽ diſſerunt, & audacter tantas ſibi uirtutes vendicãt, cũ interim re¬

238 930 687 37 bus ipſis abſint longiſsimè. Maximæ ſane res ſunt, fides, qualis deſcribitur fuiſſe in A¬

242 955 675 32 prahamo ad Rom 4: & Charitas, de qua hîc loquitur Apoſtolus, proficiſcens uideli.

231 974 695 32 cet ex corde puro: & cõſcientia bona, & fide nõ ſimulata: nec poteſt huiuſmodi niſi in

230 994 695 36 his, qui iã ſunt iuſtificati, & Spiritu Dei præditi, inueniri: qua de re paulò põſt. Cum

230 1017 695 36 porrò tanta res ſit uera Charitas, manifeſtũ hinc fit, ꝙ Apoſtolus legẽ uehementer cõ¬

230 1041 692 31 mẽdet, ac multò ampliorẽ illi tribuat dignitatẽ,  qui alios fines legis cõminiſcebãtur.

180 290 55 32 Hebr. n

160 504 71 26 Fides hypo

159 519 71 30 critarum 

160 543 70 28 Dæmonum

159 560 51 59 neat.

152 931 70 35 Charitais

151 956 71 29 ueræ uirtur

153 978 31 25 tes.

255 1069 645 31 A quibus quòd quidam aberrarunt, deflexerunt ad vaniloquium, volentes eſſe le

255 1089 558 37 gis doctores, non intelligentes quæ loquuntur, neq de quibus aſſeuerant.

229 1112 695 36 Poſt quam breuiſsimé & tamen pleniſsimè expoſuit uerũ uſum legis, prout lex ſeruit

230 1135 694 37 iuſtificatis, eos ſpeciatim perſtringit, qui hacin parte non rectè docuerunt. Eſt́ hæc

230 1158 691 33 reprehenſio ideo adiecta & ſatis acris inſtituta, partim ut ſententiã de legis uſu expo¬

229 1182 694 31 ſitã oẽs amplectantur ac retineant: partim, ut à falſis doctoribus ſibi caueant, quos ui¬

232 1204 692 28 dent fœdè aberraſſe, at ita in pericula nõ leuia cõiectos. Ruina aliorum ante oculos

234 1219 679 37 poſita cautiores oẽs debet reddere. Ita hæc reprehenſio tacitã cõtinet admonitiont

235 1247 680 31 piorum auditorum, ductam à periculoſo. Siquidem iubet falſam doctrinam uitare, ne

237 1268 675 57 ndiſerimina uaria incidant. Cumprimis elegans eſt, quod dicit queſdam à fineleg

147 1225 72 29 Admonitio

148 1248 71 25 ducta à pe¬

151 1268 69 36 riculoſo.

880 1291 41 36 iam
