1000 1564
222 136 390 28 AD TIMOTHEVM CAP.

95 158 695 27 dominus. Par nam eſt honor & cultus, qui Deo defertur, quiq; naturæ Dei, quoad

95 178 694 27 fieri poteſt, reſpõdeat. Oportet veros adoratores adorare in ſpiritu & veritate, quem¬

97 197 691 29 admodum Deus Spiritus eſt, lohan. 4. Eadem cõprecationis forma legitur ad Rom.

97 219 264 32 11.16. ad Galat... 2.ad Timoth.4.

118 245 662 28 Amen:) Vox hebræa cõfirmans, quæ antè dicta ſunt, precationibus, vt ſæpè in Pſa¬

98 261 689 30 mis, vel etiam imprecationibus ac deuotionibus addi ſolita. Numer.5. Deuter.23. Con

98 286 690 27 ſueuit proinde & Apoſtolus eam precationibus ſubijcere. Admonent porrò nos iſta

100 305 687 29 omnia: Primùm, ut Deum talem agnoſcamus & prædicemus, qualis hîc deſcribitur,

99 330 688 25 Nam hæc attributa ſicreuera in ſolum Deum competunt, vt alteri nulli accommoda¬

98 349 689 28 ri pari modo queant. Secundò, confirmant hæc attributa Deum, quoniã talis tantus́

99 368 689 30 eſt, verè & abundè præſtare poſſe ea bona omnia, quæ per Euangelium exhiberi no¬

99 391 689 30 bis propter Chriſtum, proximè dictum eſt. Qui rex eſt potentiſsimus, incorruptibi¬

98 410 689 29 lis, inuriſibilis & ſolus ſapiens, poteſt ac vult ampliſsima, incorruptibilia, & ſpiritualia

99 436 687 25 bona in nos conferre, Beneficia omnis generis quæ abſunt, à ſolo Deo debemus pe¬

98 453 688 33 tere: ſi quæ verò adſunt, ſoli Deo debemus accepta ferre. Tertiò, Deum quem tan¬

99 481 688 26 tum agnoſcimus, & à quo beneficia longè maxima accipimus, oportet nos modis

98 503 688 22 omnibus celebrare, cultu interno ac ſpirttuali colere, gratias agere perpetuò, at om¬

98 522 688 30 nia noſtra, quæ tam animo, quàm corpore à nobis fiunt, ad gloriam Dei in terris am¬

98 545 201 27 plificandam comparare.

119 565 664 29 Hocpræceptum.) Cõcluſio totius primæ partis, qua ſummã doctrinæ Chriſtianæput

97 582 686 33 in eceleſiis rectè conſtitutis tradi debet, breuiter repetiuit. Sic autẽ concluſio hæc eſt

100 603 683 34 contexta, ut permouere aculeos́ relinquere in animo Timothei poſsit: quandoqui¬

100 628 686 30 dem ſuaſoria aliqua argumẽta habet non parui ponderis, quemadmodum & fieri de¬

100 644 686 32 cet in concluſionibus. Optimè verò reſpondent hæc ijs, quæ ab initio dicta fuêre, ſi¬

100 669 685 33 cut conuenit concluſiones ſemper reſpicere ad antecedentia. Vt enim in initio dixit,

100 686 680 37 Timotheum debere denunciare ſiue præcipere quibuſdam, ne diuerſam ſequantun

100 711 683 31 doctrinam:lta hoc quo loco, Hoc præceptum, inquit, commendo tibi. Singula au¬

96 728 683 34 tem uerba εμφατηῶς debent accipi, ut argumenta ſuaſoria ex eiſdem eliciantur. Pri¬

96 752 683 35 mum igitur argumentum ducitur ab affectu: quando ut efficacius moueat Timothed

99 773 687 35 appellat filium. Quo quidem pacto Apoſtolus primùm tuetur ſuam autoritatem, 

98 798 688 29 in eo eſſe decet, qui alijs maximè de ordinanda eccleſia præſcribit. Dehinc demon¬

98 818 686 33 ſtrat ſe ſtudio optimo at affectu planè paterno dicere ac facere omnia. Adhęc teſtaf,

98 840 686 30 ſe Timotheum plurimi facere, ac uelle inſuper, vt à cæteris magno in honore habeat̃.

122 861 661 35 Commendo præceptum:) Particula.n! cum accuſatiuo aliquando ſignificat tempus,

100 882 685 32 aliquando ad, vel in, vel de:quæ res in cauſa eſt, vt diuerſis modis horũ verborum red¬

101 904 682 35 datur ſententia. Qui igitur ad tempus referre malunt, ita vertunt: ſecũdum præceden

100 925 699 35 tes vſ ad te prophetias: Hoc autem pacto colligitur hîc ſecundum argumẽtum ſua¬

97 941 681 40 ſorium ductũ à perpetua conſenſione doctrinæ in Eccleſia. Doctrina proximè expla¬

96 963 682 39 nata de lege & Euangelio conſentit cum doctrina omnium prophetarum, qui Timo¬

96 985 682 39 thei ætatem præceſſerunt. Quare ſcire debebat, ſibi ab ea veritatis linea per prophe¬

96 1009 681 33 tas monſtrata minimè diſcedendum. Plurimum autem ponderis habere hæcratio de¬

99 1025 681 43 bet: quandoquidem baſis eſt, cuiomnes miniſtrorum labores inniti oportet, ideó

97 1049 684 38 paſsim à Chriſto & Apoſtolis inculcatur, cum demonſtrant, omnem doctrinam ſuam

97 1075 687 32 legi & prophetis reſpondere Matth.22.26.Luc.1o.24. loan.5. Petrus Act.3.10. 1. Epiſt.

97 1093 690 36 cap.1.Paulus ad Rom.13.ad Epheſ2. &3. Alij interpretantur το ἐπι notare, quòd pro¬

98 1114 689 37 phetię, id eſt, prędictiones, reuelationes variæ, & honorifica multorum teſtimonia de

100 1139 686 35 Timotheo præceſſerint, quinetiam diu antè in ipſo eluxerint certa ſigna, quæ magni

99 1156 687 37 aliquid de ipſo promittebant, quorum conſideratione decebat ipſum ad fidem & di¬

99 1181 687 35 ligentiam in omni officio præſtandam vehementer excitari: At ita interpretantur

101 1197 681 43 pleri veteres ſcriptores, I heodoretus, Theophylactus, Chryſoſtomus, Ambroſius.

97 1221 685 39 Secundum hos igitur tertium argumentum hîc habebitur, ſumptum à ſignis antece¬

99 1241 387 36 dentibus at ab omnium de ipſo expectatione.

116 1272 663 40 Vtmihites in cus bonam militiam.) Quartum argumentum à genere functionis eccle¬

643 1301 142 32 e 3 fiaſticæ

786 208 45 64 Ma

786 543 64 47 Concuſio

784 578 68 44 partis pri¬

784 602 29 35 mæ.

784 715 80 46 LArgumaï

784 752 67 31 ub effectu.

782 942 81 36 2. Argumen

782 969 79 29 tum a perpe

782 989 74 27 tua conſen¬

784 1009 79 29 fione doctri¬

783 1032 77 32 ne in ecde¬

783 1046 22 33 ſia

782 1213 78 36 3. Argumen

782 1239 81 27 tum à ſignis

780 1263 81 22 antecedẽtib.

786 1275 75 47 4 Argumé.
