1000 1564
237 144 10 21 56

411 138 27 22 N

458 138 322 27 L. EPIST. D. PAVLI

149 131 71 55 nifgoitor¬

151 173 77 30 diæ Dei er¬

151 192 77 30 ga Pailum,

154 218 72 23 eſtædifica¬

152 233 78 28 tio proximi

154 254 73 25 Applicatio

153 271 76 45 fadtori De

157 581 72 38 Ruangelj

157 609 72 30 proprietas

159 629 80 27 in oblatione

159 647 80 33 gratie & re

160 667 79 27 mißiõis pec¬

159 685 80 30 catorũ poſi

160 709 48 26 ta eſt.

160 721 74 34 2. Hominis

160 745 76 26 eſt perpen¬

161 761 78 32 dere Dei a

163 787 63 24 δηύαp.

161 801 78 29 Prouidenti¬

161 822 72 29 Dei omnia

161 841 72 33 ſunt ſubie¬

165 861 39 31 sta.

163 882 71 25 a. Omnia

162 901 75 25 Deigloriæ

163 920 76 34 debent inſe

164 943 42 31 nire.

164 1040 75 49 vauaga

162 1079 73 28 mæ cauſe.

165 1094 78 34 2. Axioma.

165 1118 78 30 Deus nõ ſer

164 1136 79 27 uat nos pro¬

164 1154 79 30 pter merita:

166 1178 74 26 noſtra, ſed

166 1199 74 27 Propter ſe¬

166 1217 49 26 ipſum.

165 1227 81 37 2 ustifari

164 1251 82 30 & mpocri¬

166 1273 80 52 udnar.

232 165 691 21 la ad ȩumcatione & vmtate proxmiipectat. Deus quę facit, primo lacitpropterIele,

233 174 693 35 & ad bonitatis, potentiæ, iuſtitiæ, & gloriæ ſuæ oſtentationẽ. Secũdò, propter homi¬

233 196 696 33 nes, quos vult illa ipſa experiri ac notare, & propterea ab eiſdem coli, metui, inuocari,

234 222 697 27 prædicari. Quin etiã quæcun videt aliquis erga vnũ hominẽ à Deo fieri, eadẽ debet

236 243 695 26 & ipſe à Deo expectare, ſiue benè agat Deus per ſuã miſericordiã, ſiue puniat per ſuã

238 265 693 27 iuſtitiã. Badem nam eſt Deo poteſtas in oẽs. Hoc igitur reſpiciens Apoſtolus ait, ſe

235 286 696 29 expertũ eſſe in ſeipſo Dei clementiã, quo cæteri quo peccatores exemplo ipſius cle

236 310 697 25 mentiã ſperare auderent. Vocabulũ ὐποτυπώσιως accõmodatur tã doctrinæ,  actio¬

236 328 697 29 nibus. De doctrina 2. ad Timoth μυποτύπωαιν, id eſt, formam ſiue exemplar habeto ſa

236 352 697 27 norũ ſermonũ, quos à me audiſti. De actionibus verò loco præſenti. Quanquam alijs

237 369 696 30 quo rebus, vt reipublicæ, ædificijs, &c-accommodatur. Eſtigitur ὕποτύπασις exem¬

237 392 696 30 plar bene expreſſum & euidens, quod quis anilno facilè apprehẽdit ac ſibi imitandum

237 414 697 29 ſtudiosè proponit. Significat igitur Apoſtolus, ſe eſſe certiſsimum exemplar, & quaſ¬

237 436 697 30 ſignũ in publico expoſitum omnibus peccatoribus, blaſphemis, perſecutoribus, vt de

238 458 695 29 Dei miſericordia non deſperent. Ne porrò aliqui in impietate & flagitijs perſiſtentes

237 479 696 30 hoc Pauli exemplo propoſito abuterentur, ac temerè ſpẽ miſericordiæ ad ſe transfer¬

238 501 696 29 rent, prudẽter adijcit Apoſtolus, quibus demũ vſui eſſe exemplũ ipſius queat, & quid

240 523 693 26 in his, qui miſericordiæ Dei cupiunt fieri participes, requiratur. His, inquit, ego ero

240 543 694 28 exemplar ſperãdæ miſericordię, qui exemplo meo credituri ſunt, ꝙ per leſum Chriſtũ

240 566 693 26 vita æterna ipſis ſit parata. Reſpicit aũt ad id, ꝙ paulò antè dixit in deſcriptione Euan¬

238 585 696 26 gelij, gratiã Dñi noſtri exuberare cũ fide & dilectione. Etenim Euãgeliũ ꝓpriè offert

238 602 696 35 gratiã & remiſsionẽ peccatorũ per fidem in leſum Chriſtũ, ad Rom.1. Ita Apoſtolus

242 625 692 34 plenſſsime, quauis mira breuitate, cõprehendit hîc, quicquid ad doctrinæ Euãgelicæ

243 647 691 33 ſummã pertinet: at ita abſoluit, quæ ad cõprobationem deſcriptionis Euãgelij antẽ

242 667 692 31 poſitæ adijcere viſum fuit. Cęterùm ex his diſcimus, primô officij noſtri eſſe, in omni¬

242 688 694 34 bus rebꝰ humanis cõſiderare bonã ac iuſtã Dei volũtatẽ, & quo ad fieri poteſt, eiuſdẽ

243 716 692 24 rationes religios è inquirere. Phyſici dicere ſolẽt, Naturã nihil fruſtra agere.At Theo¬

245 734 691 29 logi multò rectius dicent, Deum nihil fruſtrà agere. Nã in res vniuerſas Dei prouiden

242 754 694 31 tia perpetuò intenta eſt, easq́; ſapientiſsime moderatur. Secũdò, illas cauſas explora

243 777 695 29 bimus diligẽtiſsimè, quæ cõducunt ad celebrandã Dei potentiã, bonitatẽ, iuſtitiã, &

245 796 692 34 gloriã: tùm ad hominũ ædificationẽ & rectã inſtitutionẽ conſcientiarũ. Hoc enim pa¬

243 817 694 34 cto de omnibus, quæ quotidiè in hac vita eueniunt, ſiue in eccleſiis, ſiue in rebus pu¬

243 841 691 28 blicis, ſiue in priuatis noſtris actionibus, piũ & ſalubre iudiciũ ferre poterimus, acfru¬

243 861 694 32 ctus ſpirituales vberrimos decerpere. Quòd alicubi rectè ordinantur eccleſiæ vel reſ¬

243 887 695 26 publicæ, ꝙ tyrãni imperãt & perturbant omnia, ꝙ cientur bella, rurſum́ pax cõpo¬

245 907 694 27 nitur, quòd aliquis ſe cõuertit ad ſtudiũ ſacrarũ literarum, alius uerò aliud amplectitur

243 928 697 30 vitæ genus, ꝙ vni officiũ facienti bene cedit, alteri nequaquã: certũ eſt, hæc omnia ſic

246 948 694 27 diuinitus ordinari, ac partim quidẽ ad ipſius Dei gloriã, partim uerò ad hominũ inſti¬

243 967 695 33 tutionẽ. Ac cõſiderãt qdẽ illa omnia homines  plurimi, ſed lõge aliter & multũ diuer

244 991 695 28 ſas cauſas expẽdũt philoſophi, qui́ mũdo ſunt ſapientes: alia verò Chriſtiani uere́

245 1012 695 32 pij. Illi cõſiderant externa, carnalia, quæ ſecundũ mundũ ſunt vtilia velnoxia, & ad

245 1034 694 28 aliorũ hominũ cõmendationẽ, aliorũ verò oppreſsionẽ tendunt. Pij verò conſiderant

246 1054 692 32 interna & ſpiritualia bona, quæ proſunt ad illuſtrandã gloriã Dei, & ad ædificatio¬

245 1077 693 30 nẽ cõſcientiarũ, hoc eſt, ad doctrinã, redargutionẽ, inſtitutionẽ rectæ vitæ, correptio¬

249 1096 689 31 nẽ vitiorũ & conſolationẽ. His certè qui ſeripturas legere cõſueuerunt, & aliquo ſuns

249 1116 689 36 Spiritus S.lumine adiuti, nõ eſt difficile plures & ſalutares cauſas diuinæ voluntatis in

249 1139 689 30 omnibus, quæ hîc eueniunt, obſeruare. Et cõcionatores in cõmonſtrandis talibus cau

249 1159 688 33 us rudi populo diligẽtes eſſe debẽt. Porrò, prima cauſa, quã Apſtolus de Dei volun¬

248 1186 692 26 tate erga ſe recẽſet, ſuggerit dogma, nẽpe, ꝙ Deus nos ſeruat, nõ propter nos vel no¬

249 1206 691 27 ſtra merita:quæ em̃ eſſe huiuſmodi queant in peceatoribus & filijs iræ, quales oẽs ſu¬

250 1226 688 31 mus etiã natura? Sed propter ſeipſum, ſola ſua bonitate & gratuita miſericordia. Pla¬

250 1248 688 31 cet nam Deo in his, quos ad ſalutẽ adducit, μακροθυμιαν omnẽ oſtẽdere. Secundô,

250 1270 691 51 damnat iaſuper hec ratio Apoſtoli oẽs hypocritas & fallos doctores, quiſtatuuntali¬

900 1298 41 29 ter,
