1000 1564
230 134 12 17 2

232 152 692 26 illo cœtu ſe component: Volo, inquit, orare viros in omni loco, &c. Poſteriore parte agit

233 166 690 33 de prophetia ſlue lectione at interpretatione Scripturarum in ſacro cœtu habenda.

151 256 77 22 2.Locus de

151 267 77 32 Senatu eccle

152 288 60 28 ſiaſtico.

152 308 74 29 Presbyteri

151 331 76 26 neceſſarj ad

151 350 76 26 Eccleſiæ ad¬

151 369 75 27 miniſtratio¬

151 389 41 26 nem.

149 397 77 39 Offciũ Sena

151 426 75 36 tus eccleſia¬

150 444 45 33 ſtici.

252 194 672 23 Cum autẽ hac in parte ſatis bene eſſent Epheſi omnia, & haud dubiè ad præſcriptũ

232 211 691 29 quod extat 1. Corinth. 14. Apoſtolus nihil aliud quàm iubet mulieres in ſilentio diſce¬

231 231 404 27 re, nec vllo modo ad publicè docendum aſpirare.

248 258 676 26 Secundo loco, vbi diſtinguitur caput tertium, pergit explicare nonnulla, quæ ſi be

233 271 688 32 ne conſideramus, pertinent ad ſenatum eccleſiaſticum. Etenim, vt ad Tit.1. dicitur, &

230 293 693 37 rectè Ambroſius pręſentis epiſtolæ cap.5. docet: Vnaquæ ciuitas ſiue eccleſia habe

228 317 694 33 re debet aliquot presbyteros ſeu ſeniores, qui conſtituunt ſenatum, conſeſſum, colle¬

234 338 691 35 gium, conſilium (non refert quomodo appellemus, modò de re ipſa conſtet) ecele¬

233 361 688 26 liaſticum: & cum hoc debet Epiſcopus de omnibus rebus eccleſiæ cõferre & conſie?

233 384 689 28 capere. Quæ proinde ſequuntur, aliquot locis explicata eiuſmodiſunt, vt in ſenatu

232 404 688 31 eccleſiaſtico & per eundem expediri debeant. Eſt autem huſus Senatus officium, ec¬

232 420 687 36 cleſiæ proponere, vt idoneos miniſtros ante omnia eligant, Actor.6. Diſſerit ergo

232 444 687 33 Apoſtolus primûm de diuerſis gradibus ſiue functionibus in eccleſia neceſſarijs, de

232 466 688 34 Epiſcopis videlicet & presbyteris. Scriptura nam Epiſcopos & presbyteros ſubin¬

230 489 691 29 de eoſdem ſine diſcrimine nominat, Act.20. & ad Tit.1. Et diaconos oſtendit, quales

229 508 691 36 ad hæc munera eligentur & ordinabuntur. lta verò orationem inſtituit, vt intelligi pa¬

230 531 631 32 riter queat, quales eſſe tunc quo conueniat, cùm iam in dignitate ſunt poſiti.

387 127 384 27 IN I. EPIST. D. PAVLI

150 552 86 24 3. caput ſiue

149 566 77 33 locus de fugi

150 588 71 25 endis pſeu¬

149 610 72 34 dodoctori¬

151 629 33 36 bus.

252 559 668 24 Tertio loco præſcribit, quomodo Epiſcopus, & quicun præeſt eccleſiæ, pruden

232 570 687 34 ter admonebit fratres, inprimis autem eos qui populum docẽt, vt prouideant, ne qui

230 597 691 29 aurem præbeant falſis doctoribus: cum hoc loco ſublimis ſit, initio reddit atten¬

230 616 691 28 tum, propoſita tum eccleſiæ ipſius, tum doctrinæ ſacræ dignitate: Hæc tibi ſcribens, in¬

229 642 692 28 quit, ſperans fore, vt ad te veniam, &c. Arbitror autem hanc eſſe mentem Apoſtoli, de¬

228 659 693 30 bere epiſcopos non tantum hac de re publicé ad populum diſſerere, verùm multò ma

229 682 693 31 gis habere interdum Senatum ſiue conuentum eccleſiaſticũ, in quo iſta fideliter pro¬

227 705 694 27 ponet omnibus ſenioribus, quorum intereſt poſtea populum inſtituere ac hortari, vt

218 722 702 37 ‟ falſos doctores cauté vitent. Etenim cùm dicit Apoſtolus in progreſſu cap.4. De his ſi

213 743 708 36 ‟ et commonefeceris fratres, bonus eris miniſter: intelligit inprimis presbyteros, qui ſunt adiu¬

217 768 703 31 ‟ tores & collegæ Epiſcoporum. Siquidem in hanc ſententiam 2. ad Tim.2. ait, Hæc com¬

226 792 694 30 menda fidelibus hominibus, qui eruntidonei, ut alios quoque doceant. Idem Paulus prorſus

226 812 694 25 ſimili admonitione vtitur apud presbyteros Actor.20. Ac re uera primũ & excellen¬

227 835 691 29 tiſsimum munus ſenatus eccleſiaſtici eſt, accuratè de doctrina conferre & prouidere,

228 857 691 31 quæ & qualſa populo expediant in eccleſiis ſalutariter proponi. Cuius rei exempla

228 874 434 29 plura in Actis, ad Galath.12. Timoth.2. & c.habemus.

148 897 76 20 4. De diſci

146 908 80 36 plina ecdeſ

148 933 50 34 aſtica.

251 901 668 23 Quartus locus continet quædam de diſciplina eccleſiaſtica, nempe de admonitio¬

229 914 688 37 nibus at obiurgationibus, quod interdum per Epiſcopum modó quidem publicẽ,

226 943 693 28 modõ verò corã ſenatu eccleſiaſtico ſieri, eccleſiarum ſtatus at neceſsitas poſtulat.

227 964 692 26 Quomodo igitur in hiſce ſe gerat Epiſcopus, apoſtolus demonſtrat: Exigitanteo¬

226 983 693 30 mnia, vt, qui alios ſit reprehenſurus vel moniturus, ipſe irreprehenſibilis & ſine cul¬

212 1001 706 36 ‟ pa eſſe modis omnibus ſtudeat: Nemo inquit, tuã iuuentuſé deſpiciat: poſtea addit cap.i.

213 1023 260 36 ‟ Seniorem ne ſapius obiurges, &c.

148 1040 77 37 5. De diſpen¬

147 1064 78 36 faione facul

147 1090 53 23 tatam.

147 1101 75 31 Offieiũ dia¬

147 1130 69 36 couoram.

251 1053 668 24 Quintus locus eſt de ærario Eccleſiæ, de eius recta adminiſtratione etiam ſenatus

230 1062 689 35 eccleſiaſtici intereſt, tum cognoſcere, tum decernere. Diaconis interea incumbit, &

226 1093 693 24 colligere quæ ad ſumptus faciendos ſunt neceſſaria, & collecta fideliter ex iudicio ſe¬

228 1107 689 36 natus cecleſiaſtici diſpenſare. Viduas honora, inquit, quæ veræ viduɇ ſunt. Pluribus ver¬

226 1135 693 31 bis mandat, ne grauetur ærarium eccleſlæ: Viduas quoad fieri poteſt, ſuſtentari à libe¬

226 1154 693 28 ris & nepotibus. Quin imò eadem de cauſſa vult vnumquem proſpicere ſuis fami¬

226 1178 693 29 liaribus. Præſcribit inſuper, quales eligi viduas deceat ad pauperum miniſterium, de

225 1195 692 32 quibus Act.6. Dehinc addit, alendos ex eodem ærario presbyteros, maximè qui labo¬

225 1218 694 31 rant in doctrina. Breuiter, duo hominum genera vult eccleſiarum beneficentia ſuſten

225 1238 694 30 tari, pauperes omniope deſtitutos, & miniſtros verbi. Quemadmodum autem

225 1261 694 31 quarto loco agebatur de exhortationibus & obiurgationibus, in ſenatu eccleſiaſtico

225 1285 692 31 ad conſeruandam diſciplinam, fieri ſolitis: ita ſexto loco diſſerit Apoſtolus de iudicio,

229 1304 692 48 quod eccleſia, hoc eſt, Epiſcopus cum ſenatu eccleſiaſtico exercet in eos, qui grauius deliquerunt,

147 1186 75 39 Quinã alen

144 1213 78 29 di ſint eccle¬

143 1231 79 30 fiæ facultati

146 1255 38 26 bus.

143 1266 79 34 6. De iudi¬

146 1290 76 42 cio eccleſia¬

145 1312 45 46 ſtico.

806 1329 114 42 deliquerunt,
