1000 1564
230 150 23 22 10

360 150 389 22 IN L EPIST. D. PAVLI

146 153 76 42 L Iu ſucceſ

146 183 51 35 ſionis.

144 205 78 56 Ahumpus

146 254 46 25 rumt.

251 173 661 25 Prima eſt ius ſucceſsionis: Scire enim operæpretiũ eſt, à quibus maioribus, & quo

229 188 683 33 iure regna, prouincias, prædia, & quaſcun facultates vnuſquiſ acceperit poſside¬

229 211 533 32 atq́;: tum qui rurſus hæredes mortuis ſuccedere in bonis debeant.

246 237 665 24 Secunda ius reſpicit contrahendarum nuptiarum. Notum nam eſt certis propin¬

228 250 684 34 quitatis gradibus prohiberi coniugia. Ac de his duabus cauſis luriſconſulti accuratè

229 275 518 33 diſſerunt, nec magni laboris eſt perdiſcere, quæ huc requiruntur.

146 297 80 24 3. Virtutum

143 310 79 53 empima

245 301 669 25 Tertia cauſa ſumitur ab excitatione ad virtutem, quę naſcitur ex conſideratione re¬

228 318 684 32 rum, quas maiores cum laude geſſerunt. Enimuerò vt ſciamus, à quibus doctrinam

223 339 689 32 religionis acceperimus, quanta ſit eius dignitas & antiquitas, vt admoneamur con¬

223 360 697 34 ſtantiæ in confeſsione veritatis, fortitudinis, beneficentiæ, & aliarum virtutum, que

223 383 690 29 vnumquemq pro conditione & vitæ ſuæ genere decẽt, prodeſt ante oculos frequen¬

223 404 690 32 ter ponere, quę maiores noſtri pro religione propugnanda, & cõſeruanda, pro gloria

225 429 688 25 Dei illuſtranda, pro patria, pro vtilitate piorũ & bonorũ hominũ fecerunt. Eſt́ hæc

223 450 689 27 cauſſa generalis, at omnibus temporibus omnibus́ hominibus cõmunis, vnde fit,

221 469 691 28 vt ſæpè in veteri T’eſtamento pij deſcribantur inuocantes Dominũ patrum ſuorũ, ce¬

220 492 692 29 lebrantes varias virtutes & heroica facta eorundem. Et in nouo Teſtamento Apoſto¬

220 513 691 29 lus in 2, ad Timoth. 1. excitare cupiens Timotheum & confirmare infide, reducit ad

220 531 690 29 memoriam fidem, inprimis ipſius auiæ Loidis & matris Eunicæ. Et Polycrates Ephe¬

220 553 692 32 ſiorum Epiſcopus, qui de celebratione paſchatis epiſtolam Synodicam ſcripſit contra

216 576 695 28 Victorem Epiſcopum Romanum, de ſe ita ait: Ego quoque minimus omnium no¬

208 597 702 27 „ ſtiûm ſecundum doctrinam propinquorum meorum, quos ſecutus fum (ſeptem ſi¬

206 619 704 30 „ quidem fuerunt propinqui mei Epiſcopi, & ego octauus) ſemper paſcha celehraui,

204 640 707 28 , quando populus ludæorum azyma faciebat. Ita́ fratres, ſexaginta quin annos æ¬

206 662 705 31 » tatis meæ natus in domino, & à multis ex toto orbe fratribus eruditus, peragrata o¬

205 682 707 31 „ mni Scriptura, non formidabo eos, qui nobis minantur. proferũtur hæc verba ex epi£

219 702 692 34 ſtola illa ab Hieronymo in Catalogo ſcriptorum eccleſiaſticorum, & Euſebio hiſtorię

219 725 192 33 Eccleſiaſt. lib.5. cap.4.

142 750 70 21 Cautioncs

140 763 73 45 ingenedo¬

143 787 35 28 giis.

144 799 64 42 1. Cauio.

239 752 673 22 Cæterùm pria potiſsimũ ſunt Chriſtianis, dũ genealogias ſuas pertexunt, cauenda.

221 765 690 33 Primum eſt, ne ſtudiosé genus ſuum deducere laborẽt, ac neſcio quas aborigines, &

220 788 693 33 nimis longam ac fabuloſam confictam́ antiquitatem: quomodo videmus nonnul¬

220 813 693 28 los in priſcis Troianis inaniter quærere ſuæ ſtirpis primordia. Viderint tales, ne deri¬

220 831 693 32 diculi fiant, exemplo Arcadum, quorum ſtultitia etiam prouerbio locum dedit: quan

220 854 691 29 do, quòd haberi vellent omnium mortalium primi & antiquiſsimi, per irriſionem ab

222 871 690 37 alijs προσέλννοι, tanquã luna ipſa antiquiores, appellati. Secundum eſt, ne titulentur

220 897 693 29 faſtus & inanis gloriæ captandæ libidine: ſemper enim faſtus & ambitio hac in parte

219 917 694 30 reprehenduntur, ad Roman.3.ad Philip.3. Extat & Chryſoſtomi homilia, qua docet,

220 936 694 36 non eſſe gloriandũ ob progenitorũ virtutes. Et Satyrici poetæ ementitam aciactabun

224 959 689 32 dam nobilitatem perſtrinxerunt. Tertium, ne quæ à ſplendore generis bona acceſ¬

220 980 693 32 ſerunt, quouis modo conuertant ad aliorum oppreſsionem, ſiue ad quodcun malũ.

221 1003 694 34 Hoc nam eſſet dignitate cum amantibus parta turpiter abuti: quomodo Catilina &

221 1026 694 32 nonnulli alij generis nobilitate ac potentia abuſi leguntur. His at alijs vitijs, quæ ra¬

222 1044 694 36 tione circumſtantiarum & cauſarum incidere poſſunt, remotis, poſſunt Chriſtianige

221 1066 417 34 neris at familiarum ſeriem ſine peccato digerere.

142 864 75 41 Arcadesxe

144 897 55 24 σίληνοι.

143 913 67 29 2. Cautio.

143 959 62 40 1 Cauio

244 1094 672 28 Nunquamfiniendis.) Sic deſcribit genealogias, tum quòd perſe ſint inſtitutæ, ſicut

221 1107 694 32 innumerabiles ſunt familiæ: tum, quod in earundem digeſtione ac ſupputatione inue

221 1133 694 27 niri exitus nequeat: cũ vbi ad vnum aliquẽ quaſi ſtipitẽ & primũ familiæ parentẽ per¬

224 1151 692 31 ueneris, neceſſum ſit ad alios quo longius progredi, à quibus ille idem originẽ ſuam

224 1173 690 33 detraxerit, at ita deinceps ad primum & cõmunem omnium noſtrum parentẽ Ada¬

224 1193 691 34 mũ ridiculè deducenda erit ſupputatio. Ergo in hac ipſa voce argumentum latet ſua¬

226 1219 691 28 ſorium, quo ab inutili & curioſa genealogiarum inueſtigatione deterremur. Non ſu¬

227 1239 690 35 peruacaneum modò, verum etiam immenſi laboris & ſtultum eſt, rei, cuius exitus in¬

230 1261 244 34 ueneri nequeat, dare operam.

146 1240 76 26 Cauſſæ pro

146 1256 77 29 pter quas de

146 1278 78 23 clinãdæ fa¬

146 1290 78 36 bulɇ et gent

144 1313 80 32 alogiæ ſiut.

144 1334 68 46 rcuſſe.

249 1285 671 30 Quæ quæſtiones præbent, &c.) Duæ ſunt rationes coniunctæ, quæ docent, quare uita¬

229 1303 690 35 rioporteat omnem & fabularum & genealogiarum tractationem. Prior ſumpta eſt

228 1324 692 56 a damnoſo: præbẽt, inquit, quæſtiones: ac neceſſe ea cõprehedamus quæ quodãmo¬

845 1349 76 36 do mul¬
