1000 1564
219.0 132.0 14.0 20.0 16

375 125 383 32 IN I. EPIST. D. PAVLI

161 157 55 20 icben.i

143 178 76 21 3. Ordo do?

144 186 75 34 ειηηα adſ

143 207 76 30 tutem expe

146.0 231.0 51.0 24.0 diens.

146.0 245.0 71.0 32.0 Ex lege ho

144.0 268.0 76.0 29.0 mo ad pecca

143 285 72 30 ti agnitiont

146.0 310.0 59.0 22.0 ducitur.

221 151 557 26 ſen. Euangelium, id eſt, gratia & veritas poſtea per lelum Chriſtum.

239 164 677 32 Tertiò: poſtulat hocordo docendi in procuranda hominis ſalute neceſſarius. Qui

221 182 691 40 nam in viam reducendus eſt homo, doceri ante omnia debet, vt ſemetipſum agno¬

221 202 692 37 ſçat at miſerrimu eſſe peccatorẽ, æternæ damnationis reum confiteatur: id quod nul

221.0 228.0 692.0 37.0 la ratione cõmodius,  prę́dicatione legis perficit. Per legẽ agnitio peccati, ad Rom.

226.0 246.0 689.0 39.0 3.Vbi verò extremè delectus fuerit, eũ rurſus erigl oportet prædicatione Euangelij, vt

225 272 421 38 ad Deum confugiat & miſericordiam fide imploret.

146 333 76 20 4 ludæiex

143 342 79 29 lege Moſai

143 362 79 34 ca uſtunan

143 381 79 33 æſtimant.

244.0 298.0 673.0 27.0 Addi poteſt & hęc ratio. Aetate Apoſtoli hoſtes Euãgelij ludęi, quorũ ſimiles per¬

226 311 693 36 multi hoc tẽpore ſunt hypocritæ, ſupra modum legem vrgebant, ex ea promittentes

226 333 691 37 iuſtiuã coram Deo: proinde quoniam neceſſe erat, antè cõfutari aduerſarios, at oẽs

226 354 690 37 ex omnium animis reuelli dubitationes, quàm ad reliqua fieret progreſsio, prudente

226 376 690 39 de ipſa Lege primo loco ſermonẽ inſtituit. Diſcimus igitur & nos, quandocun ſum¬

226 397 689 37 mã doctrinę religionis tradere habemus in animo, propter caſdẽ cauſſas initium face,

226 417 691 40 re de lege: Secundo loco adijcere, quæ ſunt Euangelij. Totus verò eſt in explicãdo le¬

228 439 689 41 gis vſu at fine:cuius rei duæ cauſæ reddi poſſunt. De vſu at fine erãt controuerſie,

227.0 465.0 692.0 32.0 nõ de alijs rebus ad legẽ pertinentibus. Illa aũt potiſsimũ explicari operępretiũ eſt, de

226 483 686 39 quibus dubitatur, ſeu de quibus oriuntur diſceptationes. Eſtnã doctoris officiũ, pe

226 504 691 36 tidere, vt difficiliores nodos diſſoluat, & ſcrupulos oẽs ex animis remoueat auditorũ.

226 526 691 38 2. Maximè neceſſarium eſt cuiuſcun doctrinæ, quæ proponitur, vſum at finem

226 547 690 38 & primo & vltimo loco conſi derari. Nui enim vſum probè præuideamus, fruſtra in il¬

226 568 691 41 la percipienda laborabímus. Admonemur proinde & nos hunc ſequi in docendo or¬

226 590 691 36 dinem, nempeut ſemper ſtudeamus diligenter eruere & explanare quæ in dubio ui¬

229 608 688 42 dentur poſira & de quibus controuertitur: proximé, vt omnis doctrinæ verum vſum

229.0 641.0 193.0 31.0 perſpicuë oſtendomus.

143 411 79 16 Cauſæcur

143 419 79 30 Apoſtolus

144 439 78 30 tã multus ſi

146 463 73 24 in legis uſu

146 483 76 25 explicando.

147 509 75 21 1. Cauſa, re

143 517 79 30 controuerſe

146 536 76 32 prmoloco

146 557 76 29 explicanda.

144 583 78 24 2. Caula, fi

144 596 78 32 nis & uſu

146 619 78 31 uniuſcuiuſ

148.0 642.0 65.0 23.0 doctrinæ

147.0 663.0 76.0 23.0 ſemper con

147.0 679.0 76.0 24.0 ſiderandus.

149.0 698.0 71.0 27.0 Finis legis

149.0 715.0 65.0 40.0 charitas.

250.0 661.0 669.0 29.0 Finis præcepui eſt charitas.) Præceptum ſiue παραγνελ ιεv intelligit ipſam legem, quod

230.0 675.0 690.0 39.0 perſpicuum fit ex verbis ſequentibus, vbi vocabulũ legis repetitur. Conſtituit pioin¬

230.0 695.0 690.0 37.0 de Apoſtolus præceptiſiue legis finẽ eſſe Charitatẽ, quaſi dicat: Si inquirat ſinis præ¬

228.0 715.0 694.0 39.0 cipuus ob quẽ tota lex lata eſt, & ad quem cuncta præcepta reſpiciunt, inueniemus eſ

227.0 741.0 693.0 34.0 ſe Charitatem ſiue dilectionem Dei ac proximi, vſ adeô, vt qui charitatẽ docet, reue

227.0 761.0 693.0 36.0 ra ſummam omnium tradat quæ lege continentur, & credentibus ſunt ex lege cogni¬

228.0 781.0 693.0 36.0 tu neceſſaria. Sic autem & Chriſtus ipſe definiuir Marci12. & Matth.22. vbi aſt, in dile¬

228.0 803.0 693.0 38.0 ctione Dei & proximi legem vniuerſam & prophetas cõtineri: Eandem́ ob cauſam

214.0 826.0 708.0 35.0 „ ad Rom.13. Nemini quicquam debeatis, inquit, niſivt inuicem diligatis: Er ſubijcit:

216.0 844.0 704.0 40.0 » Conſummatio, πλ́ήρωαα, legis eſt Dilectio. Ac certũ eſt, ſi quis per ſingula legis præ¬

230.0 867.0 692.0 40.0 cepta cat, cuius rei formam ibidem oſtendit Apoſtolus, expenetur omnia proprie aut

230.0 890.0 693.0 38.0 ad gloriam Dei illuſtrandam, aut ad proximi ædificationem tẽdere. Ergo paucis hiſce

230.0 909.0 693.0 38.0 verbis Apoſtolus præcîdit omnes ſuperuacaneas quæſtiones ſiue diſputationes, quæ

231.0 929.0 692.0 41.0 per aduerſarios de diſtributionibus aut diuerſis finibus præceptorum legis moueri

231.0 950.0 690.0 42.0 poterant. Ac docet ſimpliciter, homini Chriſtiano non eſſe plura de lege cognoſcen¬

233.0 974.0 689.0 35.0 da vel imponenda, quàm quæ ad officia Charitatis in Deum & proximum conducũt.

232.0 993.0 694.0 42.0 Et quicũ hac definitione Apoſtoli contenti fuerint, ij ſe multis moleſtis ac perplexis

233.0 1014.0 691.0 42.0 quæſtionibus ſentient eſſe liberatos. Quinetiam ex hoc ſimilibus́ locis manifeſtũ

233.0 1036.0 692.0 41.0 fit, Apoſtolum, quoties de lege diſſerit, non de ceremonijs, vt quidam callidè inter¬

233.0 1058.0 692.0 42.0 pretantur: Sed de moralibus præceptis, hoc eſt, de ipſa medulla atque oſsibus legis

233.0 1088.0 153.0 37.0 ſermonem facere.

155.0 1111.0 78.0 40.0 Occupatio.

254.0 1112.0 670.0 26.0 Ex puro corde, & conſcientia bona:) Grauiſsima occupatione hæc adijciuntur. Aduer

235.0 1121.0 690.0 38.0 ſarij calumniabantur perquã exiguũ eſſe, quòd Apoſtolus diceret, finẽ præcepti eſſe

235.0 1145.0 690.0 36.0 Charitatẽ. Ne enim hanc metiri pro ſua dignitate oẽs poterant. Atqui Apoſtolus

237.0 1165.0 688.0 37.0 docet, ſe, cum de Charitate loquitur, rem intelligere multò per ſe ampliſsimã, at legi

237.0 1186.0 689.0 40.0 id tribuere, quod dignitatem ipſius mirificè illuſtrat. Requirit igitur Apoſtolus Cha¬

239.0 1210.0 688.0 36.0 ritatẽ, nõ quidẽ hominũ falſa opinione rẽ humilẽ vel abiectã, ſed ualde excellentẽ ac

240.0 1228.0 687.0 42.0 Deo inprimis gratã Primò nã uult Charitatẽ q̃ pficiſcitur ex puro corde. Cor primo

238 1249 688 64 loco Deſ pcepta excipit at apprehedit, & put iſtud ſe habet ac purn eſt uelimpurt;

158.0 1212.0 75.0 22.0 Vera Chari¬

158.0 1228.0 72.0 27.0 tas qualis el

158.0 1249.0 68.0 28.0 ſe debeat.

159 1265 75 44 2Corpurĩs.

899.0 1278.0 29.0 40.0 11a
