1000 1564
226 138 415 27 AD TIMOTHEVM CAP. I.

759 145 19 20 29

87 158 695 28 Enumeratione lateant horrenda peccata contra ſingula Decalogi præcepta. lta ex

88 178 694 30 his animaduertere licet, Paulum uim legis peccata redarguentis in peccatoribus, in

88 200 693 30 ſe efficaciſsimam ſenſiſſe, & proprio didiciſſe experimento legitimum ac uerum le¬

91 225 83 31 gis uſum.

110 246 664 29 Sed & miſericordiam adeptus ſum.) Addit hæc ob duas cauſas. Prima ubi agnoſcimus

91 261 683 33 & cõfitemur noſtra peccata, de nobis ipſis deſperamus per legem cõmoti: reſtat ur

93 284 681 32 ſupplices cõfugiamus ad Deum, at miſericordiam imploremus propter Chriſtum.

93 306 685 33 Huc nimirum lex ipſa peccatores adigit, propterea nam ad Galat.3.Lex uocatur pæ

92 325 682 34 dagogus noſter ad Chriſtum, ut fide iuſtificemur: & ad Roman.7. Vbià lege de pecel

94 347 687 34 to conuictus fatetur & exclamat, ſe miſerum eſſe & infelicẽ, cupit́ à corpore morti

93 367 689 34 obnoxio liberari, ad Dei ſe cõuertit miſericordiã, ac gratias agit Deo per leſum Chri¬

93 392 689 31 ſtum, propter quem peccata remittuntur. lta hæc uerba aliquo modo officium legis

93 411 689 31 adhuc oſtendunt. Secunda, uia ſternitur his uerbis ad diſſerendum mox de Euãgelio.

93 436 690 28 Habet Apoſtolus in more, cum ab uno loco ad alterius loci tractationem uult progre

94 454 689 32 di, in fine prioris loci paucula apponere, quæ reſpiciunt ad ſequentia, ut partes cũ par

92 471 686 37 tibus aptius connectantur. Sit ergo hęc doctrina nobis perpetuò in cõſpectu. Lex eſt

92 495 675 34 ueluti ſpeculum, in quo, quibus maculis anima noſtra ſit deformata, contemplamur.

110 526 667 29 Docet proinde, quomodo agnoſcamus peccata: Dehine inducit ad ueram pœnt

95 541 683 32 tentiã, & peccatorũ confeſsionem. Deni remittit ad Chriſtũ medicum, qui maculas

96 559 684 37 noſtras abſtergit, & per quẽ miſericordiam cõſequimur. Secundò, Deum orabimus,

96 585 684 30 ut hunc uſum legis rectè aſſequamur, & ne patiatur nos ſic excæcari, ut peccata noſtr.

99 604 681 33 ne agnoſcere, ne cõfiteri queamus. Indubitatũ eſt argumentũ iræ Dei, & certa uia

97 625 683 34 ad exitium, nõ habere pro peccatis, quæ tamen peccata ſunt, & peccata ſua nunquam

97 646 683 33 agnoſcere. Quos huiuſmodi eſſe aduertimus, eos ſciamus à Deo in ſenſum reprobi

96 667 684 32 traditos. Tertiò, orabimus Deum, ut ubi per legem peccata agnouerimus, non pa¬

96 689 684 30 tiatur nos induci in tẽtationẽ, per quã in deſperationẽ abriperemur: ſed potius mẽtes

97 707 683 35 noſtras ſpiritu ſuo illuminet ac regat, fidẽ in ijs accendat, quo ad Chriſtum toti cõuerl

97 729 683 34 remiſsionẽ peccatorum propter eundẽ conſequamur. Si Paulum blaſphemũ, & per

98 754 682 33 ſecutorẽ Deus dignatus eſt miſericordia, ſperemus & nos per pœnitentiam & fiden

97 775 195 33 poſſe in gratiam recipi.

122 802 660 24 Quod ignorans fecerim per incredulitatem.) Occupatio. Ne enim peccatum ſuũ his

97 817 686 30 uerbis extenuat, uel quouis modo nititur excuſare, quaſi aliquid in ipſo eſſet, ob quoc

97 838 686 32 Deus ad Commiſerationẽ ſui ſit permotus: Sed oceurrit at reſpõdet tantis quorun

99 857 684 34 dam obiectionibus. Quidam habẽtes aliquã ueritatis cognitionem, mirari poterãt,

100 882 680 32 qui fieret, quòd, qui confeſſus eſt, ſe fuiſſe blaſphemũ, receptus tamen ſit à Deo in gra

100 903 684 32 tiam: ſiquidẽ blaſphemia eiuſmodi uidetur peccatũ, quod remitti nullo modo queat,

100 921 678 35 Quidam impij & uitijs immerſi cogitaſſent: Si Paulo, qui tâm grauiter peccauerat

101 947 681 31 noxa eſt condonata, futurum, ut ſibi quo peccata omnia remittantur, at ita impu¬

99 967 684 27 nitatis ſpem concipientes animũ in malis obduraſſent, ac poſito omni metu perrexiſ¬

100 989 683 28 ſent iniquè agere. Hoc autem nihil fuiſſet aliud,  Pauli exemplo & Dei bonitate tur

96 1007 683 36 piter abuti. Vtri igitur hominũ generi Apoſtolus cupiẽs ſatisfacere, ait, ſe fuiſſe qui

97 1030 682 32 dẽ blaſphemũ, ſed per ignorantiã & ineredulitatẽ: quaſi dicat, blaſphemiæ uia miſe

96 1051 683 35 ricordiæ minimẽ eſt præcluſa, ſicutnec cæteris peccatis, ſi modò rei agant pœnſtentiã

97 1072 682 33 & fide miſericordiã apprehendant. Eſt uerò incredulitas cauſſa blaſphemiæ, quemad

96 1093 683 34 modum etiã eſt fons & origo peceatorum omnium. Et ſubijcit particulã de increduli

96 1114 687 34 tate, quæ ſedem habet in cordibus:ut intelligatur, & ignorantiam, & blaſphemiam, &

96 1136 687 37 quæcũ hinc peccata emanãt, ex hominis peruerſo corde prodire, ac proinde omniz

98 1159 685 32 eſſe ipſi imputanda. Ergo hoc modo Apoſtolus peccata ſua exaggerat & amplificat

98 1184 691 28 non imminuit. Sunt porrò qui peccant, at etiam apertẽ oppugnant Euangelium, ſed

98 1200 688 36 per ignorantiam. Exiſtimant enſm ſe rectè facere, at, ut Chriſtus lohan.16. loquitur,

99 1222 703 32 præſtare Deo cultum. Hęc, inquit, facient uobis, quia non nouerunt patrem, ne me. „

100 1246 690 29 Atqui tales, ſi ex animo reſipiſcunt, & ueritatem monſtratam amplectuntur, Deus, ue

100 1265 690 46 niam petentibus, ignoſcit. Quocirca & Chriſtus pro his orauit, qui cruci ipſum affige

783 238 78 30 Agnoſcentes

783 255 70 30 ſua peccata

780 278 80 25 ad Dei miſe¬

780 295 80 32 ricordiã cõ¬

779 315 68 25 fugere de¬

783 332 33 40 vent.

783 463 72 37 Lex ppecu'

783 487 77 34 lum, in quo

780 513 81 27 maculas no¬

783 535 78 26 ſtras cõtem¬

785 550 53 28 plamur.

786 565 78 31 Lex deducit
