<?xml version='1.0' encoding='UTF-8'?>
<alto xmlns:xsi="http://www.w3.org/2001/XMLSchema-instance" xmlns="http://www.loc.gov/standards/alto/ns-v4#" xsi:schemaLocation="http://www.loc.gov/standards/alto/ns-v4# http://www.loc.gov/standards/alto/v4/alto-4-2.xsd">
  <Description>
    <MeasurementUnit>pixel</MeasurementUnit>
    <sourceImageInformation>
      <fileName>16892658.jpeg</fileName>
    </sourceImageInformation>
  </Description>
  <Tags>
    <OtherTag ID="BT7" LABEL="CustomZone" DESCRIPTION="block type CustomZone"/><OtherTag ID="BT8" LABEL="DamageZone" DESCRIPTION="block type DamageZone"/><OtherTag ID="BT9" LABEL="DigitizationArtefactZone" DESCRIPTION="block type DigitizationArtefactZone"/><OtherTag ID="BT10" LABEL="DropCapitalZone" DESCRIPTION="block type DropCapitalZone"/><OtherTag ID="BT11" LABEL="GraphicZone" DESCRIPTION="block type GraphicZone"/><OtherTag ID="BT12" LABEL="MainZone" DESCRIPTION="block type MainZone"/><OtherTag ID="BT13" LABEL="MarginTextZone" DESCRIPTION="block type MarginTextZone"/><OtherTag ID="BT14" LABEL="MusicZone" DESCRIPTION="block type MusicZone"/><OtherTag ID="BT15" LABEL="NumberingZone" DESCRIPTION="block type NumberingZone"/><OtherTag ID="BT17" LABEL="QuireMarksZone" DESCRIPTION="block type QuireMarksZone"/><OtherTag ID="BT18" LABEL="RunningTitleZone" DESCRIPTION="block type RunningTitleZone"/><OtherTag ID="BT19" LABEL="SealZone" DESCRIPTION="block type SealZone"/><OtherTag ID="BT20" LABEL="StampZone" DESCRIPTION="block type StampZone"/><OtherTag ID="BT21" LABEL="TableZone" DESCRIPTION="block type TableZone"/><OtherTag ID="BT22" LABEL="TitlePageZone" DESCRIPTION="block type TitlePageZone"/><OtherTag ID="BT3552" LABEL="MainZone-P" DESCRIPTION="block type MainZone-P"/><OtherTag ID="BT3553" LABEL="MarginTextZone-Notes" DESCRIPTION="block type MarginTextZone-Notes"/><OtherTag ID="BT3554" LABEL="MainZone-Continued" DESCRIPTION="block type MainZone-Continued"/><OtherTag ID="BT3555" LABEL="MainZone-Head" DESCRIPTION="block type MainZone-Head"/><OtherTag ID="BT3556" LABEL="text" DESCRIPTION="block type text"/>
    <OtherTag ID="LT7" LABEL="CustomLine" DESCRIPTION="line type CustomLine"/><OtherTag ID="LT8" LABEL="DefaultLine" DESCRIPTION="line type DefaultLine"/><OtherTag ID="LT9" LABEL="DropCapitalLine" DESCRIPTION="line type DropCapitalLine"/><OtherTag ID="LT10" LABEL="HeadingLine" DESCRIPTION="line type HeadingLine"/><OtherTag ID="LT11" LABEL="InterlinearLine" DESCRIPTION="line type InterlinearLine"/><OtherTag ID="LT12" LABEL="MusicLine" DESCRIPTION="line type MusicLine"/><OtherTag ID="LT1319" LABEL="default" DESCRIPTION="line type default"/>
  </Tags>
  <Layout>
    <Page WIDTH="1000" HEIGHT="1564" PHYSICAL_IMG_NR="6" ID="eSc_dummypage_">
      <PrintSpace HPOS="0" VPOS="0" WIDTH="1000" HEIGHT="1564">
        <TextBlock HPOS="211" VPOS="133" WIDTH="26" HEIGHT="21" ID="block_1" TAGREFS="BT15">
          <Shape><Polygon POINTS="237 133 237 154 211 154 211 133"/></Shape>
          <TextLine ID="line_1" TAGREFS="LT8" BASELINE="215 146 234 146" HPOS="215" VPOS="132" WIDTH="19" HEIGHT="26">
            <Shape><Polygon POINTS="233 132 224 132 218 132 215 132 215 146 216 158 234 152 234 146 233 132 233 132"/></Shape>
            <String CONTENT="36" HPOS="215" VPOS="132" WIDTH="19" HEIGHT="26" WC="0.9999914169311523"/>
          </TextLine>
        </TextBlock>
        <TextBlock HPOS="372" VPOS="133" WIDTH="397" HEIGHT="25" ID="block_2" TAGREFS="BT18">
          <Shape><Polygon POINTS="769 133 769 158 372 158 372 133"/></Shape>
          <TextLine ID="line_2" TAGREFS="LT8" BASELINE="380 147 762 147" HPOS="380" VPOS="132" WIDTH="382" HEIGHT="28">
            <Shape><Polygon POINTS="753 132 745 132 736 132 727 132 719 132 710 132 701 132 693 132 684 132 675 132 666 132 658 132 649 132 640 132 632 132 623 132 614 132 606 132 597 132 588 132 580 132 571 132 562 132 553 132 545 132 536 132 527 132 519 132 510 132 501 132 493 132 484 132 475 132 466 132 458 132 449 132 440 132 432 132 423 132 414 132 406 132 397 132 388 132 380 132 380 147 380 157 440 154 444 158 444 159 445 159 446 159 507 159 508 159 509 159 527 154 555 159 556 159 557 159 569 154 585 159 586 159 586 159 587 159 606 154 628 159 629 159 630 159 654 154 660 159 661 159 662 159 663 160 715 160 715 159 716 159 726 154 731 159 732 159 733 159 733 160 762 160 762 147 761 132 753 132"/></Shape>
            <String CONTENT="IN I. EPIST. D. PAVLI" HPOS="380" VPOS="132" WIDTH="382" HEIGHT="28" WC="0.9963506289890834"/>
          </TextLine>
        </TextBlock>
        <TextBlock HPOS="135" VPOS="364" WIDTH="82" HEIGHT="83" ID="block_3" TAGREFS="BT3553">
          <Shape><Polygon POINTS="217 364 217 447 135 447 135 364"/></Shape>
          <TextLine ID="line_3" TAGREFS="LT8" BASELINE="143 380 206 382" HPOS="140" VPOS="364" WIDTH="65" HEIGHT="23">
            <Shape><Polygon POINTS="194 364 181 364 168 364 155 364 142 364 142 379 140 387 204 387 205 381 205 364 194 364"/></Shape>
            <String CONTENT="Fradere ſa" HPOS="140" VPOS="364" WIDTH="65" HEIGHT="23" WC="0.9963952779769898"/>
          </TextLine>
          <TextLine ID="line_4" TAGREFS="LT8" BASELINE="135 397 199 397" HPOS="135" VPOS="383" WIDTH="64" HEIGHT="22">
            <Shape><Polygon POINTS="135 397 135 405 199 404 199 397 198 383 135 383 135 397"/></Shape>
            <String CONTENT="næ quid?" HPOS="135" VPOS="383" WIDTH="64" HEIGHT="22" WC="0.9991275817155838"/>
          </TextLine>
          <TextLine ID="line_5" TAGREFS="LT8" BASELINE="141 419 204 421" HPOS="139" VPOS="397" WIDTH="64" HEIGHT="38">
            <Shape><Polygon POINTS="140 418 139 428 200 435 203 420 202 397 140 397 140 418"/></Shape>
            <String CONTENT="Eomonſe" HPOS="139" VPOS="397" WIDTH="64" HEIGHT="38" WC="0.9427316529410226"/>
          </TextLine>
          <TextLine ID="line_6" TAGREFS="LT8" BASELINE="139 437 166 437" HPOS="139" VPOS="422" WIDTH="27" HEIGHT="32">
            <Shape><Polygon POINTS="139 437 139 454 166 450 166 437 166 424 139 422 139 437"/></Shape>
            <String CONTENT="n4." HPOS="139" VPOS="422" WIDTH="27" HEIGHT="32" WC="0.9999916156133016"/>
          </TextLine>
        </TextBlock>
        <TextBlock HPOS="135" VPOS="659" WIDTH="81" HEIGHT="43" ID="block_4" TAGREFS="BT3553">
          <Shape><Polygon POINTS="216 659 216 702 135 702 135 659"/></Shape>
          <TextLine ID="line_7" TAGREFS="LT8" BASELINE="135 672 210 670" HPOS="135" VPOS="659" WIDTH="75" HEIGHT="25">
            <Shape><Polygon POINTS="204 659 195 659 186 659 178 659 169 659 160 659 152 659 143 659 135 672 135 683 208 684 210 670 207 659 204 659"/></Shape>
            <String CONTENT="Diaboli no" HPOS="135" VPOS="659" WIDTH="75" HEIGHT="25" WC="0.9695521354675293"/>
          </TextLine>
          <TextLine ID="line_8" TAGREFS="LT8" BASELINE="135 692 174 690" HPOS="135" VPOS="680" WIDTH="39" HEIGHT="30">
            <Shape><Polygon POINTS="135 692 135 707 173 710 174 690 172 680 139 681 135 692"/></Shape>
            <String CONTENT="men." HPOS="135" VPOS="680" WIDTH="39" HEIGHT="30" WC="0.9493578672409058"/>
          </TextLine>
        </TextBlock>
        <TextBlock HPOS="131" VPOS="976" WIDTH="86" HEIGHT="202" ID="block_5" TAGREFS="BT3553">
          <Shape><Polygon POINTS="216 976 217 1178 131 1178 131 978"/></Shape>
          <TextLine ID="line_9" TAGREFS="LT8" BASELINE="141 997 211 996" HPOS="140" VPOS="978" WIDTH="69" HEIGHT="24">
            <Shape><Polygon POINTS="205 978 192 978 179 978 166 978 153 978 140 978 140 995 140 1002 209 1002 209 995 209 978 205 978"/></Shape>
            <String CONTENT="2 Pij &amp; im" HPOS="140" VPOS="978" WIDTH="69" HEIGHT="24" WC="0.9899502217769622"/>
          </TextLine>
          <TextLine ID="line_10" TAGREFS="LT8" BASELINE="139 1017 213 1015" HPOS="135" VPOS="991" WIDTH="77" HEIGHT="49">
            <Shape><Polygon POINTS="202 997 189 997 176 997 162 997 149 997 147 993 135 993 138 1016 138 1040 212 1038 212 1013 208 991 203 991 202 997"/></Shape>
            <String CONTENT="phparti" HPOS="135" VPOS="991" WIDTH="77" HEIGHT="49" WC="0.639368440423693"/>
          </TextLine>
          <TextLine ID="line_11" TAGREFS="LT8" BASELINE="140 1034 215 1032" HPOS="138" VPOS="1013" WIDTH="75" HEIGHT="28">
            <Shape><Polygon POINTS="203 1015 190 1015 177 1015 164 1016 151 1016 138 1016 139 1033 139 1041 212 1040 213 1030 209 1013 203 1015"/></Shape>
            <String CONTENT="feſtantur à ſ." HPOS="138" VPOS="1013" WIDTH="75" HEIGHT="28" WC="0.9885661840438843"/>
          </TextLine>
          <TextLine ID="line_12" TAGREFS="LT8" BASELINE="136 1052 214 1053" HPOS="135" VPOS="1032" WIDTH="78" HEIGHT="31">
            <Shape><Polygon POINTS="200 1032 187 1032 174 1033 161 1033 148 1033 147 1032 135 1032 135 1051 135 1063 213 1062 213 1051 212 1032 200 1032"/></Shape>
            <String CONTENT="tana, alij pl'." HPOS="135" VPOS="1032" WIDTH="78" HEIGHT="31" WC="0.9578112483024597"/>
          </TextLine>
          <TextLine ID="line_13" TAGREFS="LT8" BASELINE="139 1072 205 1072" HPOS="138" VPOS="1053" WIDTH="66" HEIGHT="26">
            <Shape><Polygon POINTS="203 1053 190 1053 177 1053 164 1053 151 1053 138 1053 138 1071 138 1079 204 1077 204 1071 204 1053 203 1053"/></Shape>
            <String CONTENT="alij minus." HPOS="138" VPOS="1053" WIDTH="66" HEIGHT="26" WC="0.972727970643477"/>
          </TextLine>
          <TextLine ID="line_14" TAGREFS="LT8" BASELINE="140 1090 214 1090" HPOS="139" VPOS="1067" WIDTH="74" HEIGHT="31">
            <Shape><Polygon POINTS="204 1072 191 1072 178 1072 165 1072 152 1072 139 1072 139 1089 139 1098 213 1097 213 1089 212 1067 205 1067 204 1072"/></Shape>
            <String CONTENT="Piorũ &amp; im" HPOS="139" VPOS="1067" WIDTH="74" HEIGHT="31" WC="0.99825904044238"/>
          </TextLine>
          <TextLine ID="line_15" TAGREFS="LT8" BASELINE="139 1110 213 1109" HPOS="136" VPOS="1089" WIDTH="76" HEIGHT="29">
            <Shape><Polygon POINTS="202 1090 189 1090 176 1090 162 1090 149 1090 148 1089 136 1089 138 1109 138 1118 212 1115 212 1107 208 1090 202 1090"/></Shape>
            <String CONTENT="piorũ tenta¬" HPOS="136" VPOS="1089" WIDTH="76" HEIGHT="29" WC="0.998091839827024"/>
          </TextLine>
          <TextLine ID="line_16" TAGREFS="LT8" BASELINE="133 1126 212 1126" HPOS="133" VPOS="1110" WIDTH="79" HEIGHT="24">
            <Shape><Polygon POINTS="133 1126 133 1133 211 1134 212 1126 211 1110 133 1112 133 1126"/></Shape>
            <String CONTENT="tiones et ex" HPOS="133" VPOS="1110" WIDTH="79" HEIGHT="24" WC="0.99368288119634"/>
          </TextLine>
          <TextLine ID="line_17" TAGREFS="LT8" BASELINE="134 1144 211 1142" HPOS="133" VPOS="1130" WIDTH="78" HEIGHT="22">
            <Shape><Polygon POINTS="134 1144 134 1152 211 1150 211 1142 208 1130 133 1131 134 1144"/></Shape>
            <String CONTENT="ercitationes" HPOS="133" VPOS="1130" WIDTH="78" HEIGHT="22" WC="0.9859509617090225"/>
          </TextLine>
          <TextLine ID="line_18" TAGREFS="LT8" BASELINE="133 1165 201 1164 213 1160" HPOS="133" VPOS="1149" WIDTH="80" HEIGHT="35">
            <Shape><Polygon POINTS="133 1165 134 1184 152 1176 184 1182 185 1182 186 1182 213 1174 213 1160 208 1149 133 1150 133 1165"/></Shape>
            <String CONTENT="fine differũc" HPOS="133" VPOS="1149" WIDTH="80" HEIGHT="35" WC="0.9780449909823281"/>
          </TextLine>
        </TextBlock>
        <TextBlock HPOS="131" VPOS="1190" WIDTH="85" HEIGHT="65" ID="block_6" TAGREFS="BT3553">
          <Shape><Polygon POINTS="216 1190 216 1255 131 1255 131 1190"/></Shape>
          <TextLine ID="line_19" TAGREFS="LT8" BASELINE="154 1207 212 1206" HPOS="152" VPOS="1191" WIDTH="59" HEIGHT="65">
            <Shape><Polygon POINTS="204 1191 191 1191 178 1191 165 1191 152 1191 153 1206 153 1256 211 1252 211 1205 208 1191 204 1191"/></Shape>
            <String CONTENT="c" HPOS="152" VPOS="1191" WIDTH="59" HEIGHT="65" WC="0.4764699637889862"/>
          </TextLine>
          <TextLine ID="line_20" TAGREFS="LT8" BASELINE="138 1227 207 1225" HPOS="134" VPOS="1201" WIDTH="71" HEIGHT="59">
            <Shape><Polygon POINTS="200 1206 187 1206 174 1206 161 1206 156 1201 134 1201 136 1226 138 1260 205 1252 205 1223 203 1206 200 1206"/></Shape>
            <String CONTENT="lrcache" HPOS="134" VPOS="1201" WIDTH="71" HEIGHT="59" WC="0.678919506924493"/>
          </TextLine>
          <TextLine ID="line_21" TAGREFS="LT8" BASELINE="138 1245 202 1244" HPOS="135" VPOS="1225" WIDTH="65" HEIGHT="35">
            <Shape><Polygon POINTS="136 1244 136 1260 200 1255 200 1243 196 1225 135 1226 136 1244"/></Shape>
            <String CONTENT="ta eccleſi¬" HPOS="135" VPOS="1225" WIDTH="65" HEIGHT="35" WC="0.9541062821041454"/>
          </TextLine>
        </TextBlock>
        <TextBlock HPOS="211" VPOS="156" WIDTH="700" HEIGHT="213" ID="block_7" TAGREFS="BT3554">
          <Shape><Polygon POINTS="911 156 911 369 211 369 211 156"/></Shape>
          <TextLine ID="line_22" TAGREFS="LT8" BASELINE="211 165 911 172" HPOS="210" VPOS="156" WIDTH="701" HEIGHT="23">
            <Shape><Polygon POINTS="828 156 820 156 811 156 802 156 793 156 785 156 776 156 767 156 759 156 750 156 741 156 733 156 724 156 715 156 706 156 698 156 689 156 680 156 672 156 663 156 654 156 646 156 637 156 628 156 620 156 611 156 602 156 593 156 585 156 576 156 567 156 559 156 550 156 541 156 533 156 524 156 515 156 506 156 498 156 489 156 480 156 472 156 463 156 454 156 446 156 437 156 428 156 420 156 411 156 402 156 393 156 385 156 376 156 367 156 359 156 350 156 341 156 333 156 324 156 315 156 306 156 298 156 289 156 280 156 272 156 263 156 254 156 246 156 237 156 228 156 220 156 211 165 210 174 909 179 911 172 906 158 834 156 828 156"/></Shape>
            <String CONTENT="autem vbi propẽ omnia videntur fruſtrà tentata, licebit contumaces ſatanæ tradere." HPOS="210" VPOS="156" WIDTH="701" HEIGHT="23" WC="0.994305045122192"/>
          </TextLine>
          <TextLine ID="line_23" TAGREFS="LT8" BASELINE="213 186 912 194" HPOS="213" VPOS="168" WIDTH="699" HEIGHT="35">
            <Shape><Polygon POINTS="909 189 903 177 213 168 213 186 213 196 910 203 912 194 912 178 909 177 909 189"/></Shape>
            <String CONTENT="Tertiò, conuenit interea publicè de omnibus his rebus agere, ſicut qui falſa dogmata" HPOS="213" VPOS="168" WIDTH="699" HEIGHT="35" WC="0.984876659720443"/>
          </TextLine>
          <TextLine ID="line_24" TAGREFS="LT8" BASELINE="212 208 912 215" HPOS="211" VPOS="192" WIDTH="701" HEIGHT="31">
            <Shape><Polygon POINTS="212 208 211 216 910 223 912 215 911 198 212 192 212 208"/></Shape>
            <String CONTENT="ſparſerunt, publicè peccarunt. Propterea. n. Apoſtolus etiã nomina falſorũ doctorum" HPOS="211" VPOS="192" WIDTH="701" HEIGHT="31" WC="0.9887333283590716"/>
          </TextLine>
          <TextLine ID="line_25" TAGREFS="LT8" BASELINE="213 230 913 237" HPOS="213" VPOS="211" WIDTH="700" HEIGHT="34">
            <Shape><Polygon POINTS="909 231 903 220 213 211 213 230 213 241 911 245 913 237 912 221 909 220 909 231"/></Shape>
            <String CONTENT="exprimit, idq tùm quo ipſi vehemẽtius ꝓmoueãtur ac pudefacti aliquãdo reſipiſcãt:" HPOS="213" VPOS="211" WIDTH="700" HEIGHT="34" WC="0.9897694795630699"/>
          </TextLine>
          <TextLine ID="line_26" TAGREFS="LT8" BASELINE="213 251 913 258" HPOS="212" VPOS="237" WIDTH="701" HEIGHT="30">
            <Shape><Polygon POINTS="213 251 212 258 911 267 913 258 912 244 213 237 213 251"/></Shape>
            <String CONTENT="tûm quo cæteri ſciant, quinam ipſis fugiendi ſint. Quartò: ſemper verõ huc tendant" HPOS="212" VPOS="237" WIDTH="701" HEIGHT="30" WC="0.9909418737187105"/>
          </TextLine>
          <TextLine ID="line_27" TAGREFS="LT8" BASELINE="213 272 913 280" HPOS="212" VPOS="257" WIDTH="701" HEIGHT="30">
            <Shape><Polygon POINTS="213 272 212 283 912 287 913 280 913 265 213 257 213 272"/></Shape>
            <String CONTENT="conſilia omnia &amp; conatus, vt in omnibus demonſtremus, nos ex animo quærere Dei" HPOS="212" VPOS="257" WIDTH="701" HEIGHT="30" WC="0.9971235157587589"/>
          </TextLine>
          <TextLine ID="line_28" TAGREFS="LT8" BASELINE="214 294 913 300" HPOS="213" VPOS="279" WIDTH="700" HEIGHT="28">
            <Shape><Polygon POINTS="214 294 213 303 911 307 913 300 913 285 214 279 214 294"/></Shape>
            <String CONTENT="gloriam, &amp; non de cuiuſpiam pernicie, ſed potius de communi ſalute omnium eſſe ſo" HPOS="213" VPOS="279" WIDTH="700" HEIGHT="28" WC="0.9981043934822083"/>
          </TextLine>
          <TextLine ID="line_29" TAGREFS="LT8" BASELINE="213 315 912 323" HPOS="213" VPOS="300" WIDTH="699" HEIGHT="30">
            <Shape><Polygon POINTS="909 318 904 307 645 301 644 301 613 304 602 300 601 300 213 300 213 315 213 323 910 330 912 323 911 308 910 307 909 318"/></Shape>
            <String CONTENT="licitos. Decet nos exemplo ſeruatoris noſtri Chriſti quærere oues perditas eaſdem¬" HPOS="213" VPOS="300" WIDTH="699" HEIGHT="30" WC="0.9928954541683197"/>
          </TextLine>
          <TextLine ID="line_30" TAGREFS="LT8" BASELINE="214 336 912 344" HPOS="213" VPOS="321" WIDTH="699" HEIGHT="35">
            <Shape><Polygon POINTS="214 336 213 346 910 356 912 344 911 325 846 329 829 324 828 324 827 324 767 328 739 324 738 324 684 327 679 323 678 323 677 323 676 323 602 326 522 321 521 321 214 321 214 336"/></Shape>
            <String CONTENT="que ad caulas reducere, &amp; ſiquas morbidas deprehenderimus, ſanare, arundinem com" HPOS="213" VPOS="321" WIDTH="699" HEIGHT="35" WC="0.9968522869050502"/>
          </TextLine>
          <TextLine ID="line_31" TAGREFS="LT8" BASELINE="214 358 578 362" HPOS="213" VPOS="340" WIDTH="365" HEIGHT="30">
            <Shape><Polygon POINTS="214 358 213 368 576 370 578 362 577 347 214 340 214 358"/></Shape>
            <String CONTENT="minutam non confringere. Math1o.loan.2." HPOS="213" VPOS="340" WIDTH="365" HEIGHT="30" WC="0.9876082570124896"/>
          </TextLine>
        </TextBlock>
        <TextBlock HPOS="205" VPOS="366" WIDTH="713" HEIGHT="916" ID="block_8" TAGREFS="BT3552">
          <Shape><Polygon POINTS="918 366 918 1282 205 1282 205 366"/></Shape>
          <TextLine ID="line_32" TAGREFS="LT8" BASELINE="225 379 913 385" HPOS="222" VPOS="366" WIDTH="689" HEIGHT="31">
            <Shape><Polygon POINTS="902 366 224 366 222 388 910 397 911 366 902 366"/></Shape>
            <String CONTENT="Porrò, quid ſit tradere Satanæ: tum quas ob cauſas: item quomodo id ab eccleſiami¬" HPOS="222" VPOS="366" WIDTH="689" HEIGHT="31" WC="0.9945053716739977"/>
          </TextLine>
          <TextLine ID="line_33" TAGREFS="LT8" BASELINE="214 400 913 407" HPOS="213" VPOS="383" WIDTH="700" HEIGHT="34">
            <Shape><Polygon POINTS="214 400 213 408 238 413 239 413 293 410 320 414 321 414 380 410 568 417 569 417 912 416 913 407 912 391 581 391 564 386 563 386 562 386 486 390 478 385 477 385 476 385 475 385 430 389 388 384 387 384 308 388 214 383 214 400"/></Shape>
            <String CONTENT="at: quæ deinde ſint effecta at fines, paulò accuratius diſquiramus. Satanân eſt he¬" HPOS="213" VPOS="383" WIDTH="700" HEIGHT="34" WC="0.9891846575016199"/>
          </TextLine>
          <TextLine ID="line_34" TAGREFS="LT8" BASELINE="222 423 913 429" HPOS="220" VPOS="401" WIDTH="692" HEIGHT="38">
            <Shape><Polygon POINTS="221 422 220 432 910 439 912 428 911 411 221 401 221 422"/></Shape>
            <String CONTENT="bræis odio habere, inimicum eſſe, aduerſari: Geneſ.24. Eſau ipſum lacob odio habuit:" HPOS="220" VPOS="401" WIDTH="692" HEIGHT="38" WC="0.9946837694871993"/>
          </TextLine>
          <TextLine ID="line_35" TAGREFS="LT8" BASELINE="218 444 912 450" HPOS="217" VPOS="425" WIDTH="695" HEIGHT="36">
            <Shape><Polygon POINTS="218 444 217 451 910 461 912 450 911 437 696 430 695 430 572 433 564 429 563 429 562 429 561 429 392 431 380 427 380 427 379 427 305 430 298 426 297 426 296 426 295 426 253 430 218 425 218 444"/></Shape>
            <String CONTENT="Vſurpatur eadem ſignificatione verbum Satan, quod verbũ occurrit i.Reg.5 Zachar." HPOS="217" VPOS="425" WIDTH="695" HEIGHT="36" WC="0.9898029889589475"/>
          </TextLine>
          <TextLine ID="line_36" TAGREFS="LT8" BASELINE="215 466 912 473" HPOS="214" VPOS="447" WIDTH="698" HEIGHT="36">
            <Shape><Polygon POINTS="215 466 214 477 910 483 912 473 911 455 215 447 215 466"/></Shape>
            <String CONTENT="3. Pſalm. 39. 109. Hinc deſcendit &amp; nomen ſatán, id eſt, aduerſarius, quod generatim" HPOS="214" VPOS="447" WIDTH="698" HEIGHT="36" WC="0.9921847785220427"/>
          </TextLine>
          <TextLine ID="line_37" TAGREFS="LT8" BASELINE="214 487 913 496" HPOS="213" VPOS="472" WIDTH="700" HEIGHT="33">
            <Shape><Polygon POINTS="214 487 213 494 911 505 913 496 913 478 214 472 214 487"/></Shape>
            <String CONTENT="de omnibus accipi poteſt, qui nobis aduerſantur &amp; lædere ſtudent. Dauid 2. Sam. 19." HPOS="213" VPOS="472" WIDTH="700" HEIGHT="33" WC="0.998485886907003"/>
          </TextLine>
          <TextLine ID="line_38" TAGREFS="LT8" BASELINE="213 510 913 516" HPOS="213" VPOS="493" WIDTH="700" HEIGHT="31">
            <Shape><Polygon POINTS="213 510 213 519 911 524 913 516 912 500 213 493 213 510"/></Shape>
            <String CONTENT="ad Abiſai filium Zeruiáh quid mihi &amp; vobis filij Zeruiãh? Eſtis enim mihi hodie in ſa¬" HPOS="213" VPOS="493" WIDTH="700" HEIGHT="31" WC="0.99396167289127"/>
          </TextLine>
          <TextLine ID="line_39" TAGREFS="LT8" BASELINE="213 530 912 538" HPOS="213" VPOS="514" WIDTH="699" HEIGHT="34">
            <Shape><Polygon POINTS="213 530 213 541 910 548 912 538 911 519 213 514 213 530"/></Shape>
            <String CONTENT="tan, id eſt, mihi aduerſamini. Suadebant nam vt inter ficeretur Semei, qui regem" HPOS="213" VPOS="514" WIDTH="699" HEIGHT="34" WC="0.9915468994482064"/>
          </TextLine>
          <TextLine ID="line_40" TAGREFS="LT8" BASELINE="214 551 913 558" HPOS="213" VPOS="537" WIDTH="700" HEIGHT="32">
            <Shape><Polygon POINTS="214 551 213 563 911 569 913 558 912 543 214 537 214 551"/></Shape>
            <String CONTENT="conuicijs affecerat. Atqui Dauid interpretatur, ſi id in reditu ac reſtitutione ſua face," HPOS="213" VPOS="537" WIDTH="700" HEIGHT="32" WC="0.995901108457801"/>
          </TextLine>
          <TextLine ID="line_41" TAGREFS="LT8" BASELINE="214 572 912 580" HPOS="213" VPOS="558" WIDTH="699" HEIGHT="30">
            <Shape><Polygon POINTS="214 572 213 580 910 588 912 580 911 563 214 558 214 572"/></Shape>
            <String CONTENT="ret, odium &amp; periculum inde ſibi naſciturum: quamobrem ſentit conſilium hoc ſi¬" HPOS="213" VPOS="558" WIDTH="699" HEIGHT="30" WC="0.9972120757344403"/>
          </TextLine>
          <TextLine ID="line_42" TAGREFS="LT8" BASELINE="214 596 913 602" HPOS="213" VPOS="579" WIDTH="700" HEIGHT="30">
            <Shape><Polygon POINTS="214 596 213 603 911 609 913 602 912 585 214 579 214 596"/></Shape>
            <String CONTENT="bi aduerſari. Et Matth.16.Chriſtus ad Petrum cupientem vt Chriſtus ſibi parceret, nec" HPOS="213" VPOS="579" WIDTH="700" HEIGHT="30" WC="0.9824169271132526"/>
          </TextLine>
          <TextLine ID="line_43" TAGREFS="LT8" BASELINE="214 617 913 623" HPOS="213" VPOS="599" WIDTH="700" HEIGHT="31">
            <Shape><Polygon POINTS="214 617 213 627 911 630 913 623 912 606 214 599 214 617"/></Shape>
            <String CONTENT="adiret Hieroſolymam, vbi prædixerat ſe interficiendum: Abi poſt me ſatana, obſta¬" HPOS="213" VPOS="599" WIDTH="700" HEIGHT="31" WC="0.9826908302895817"/>
          </TextLine>
          <TextLine ID="line_44" TAGREFS="LT8" BASELINE="215 638 912 644" HPOS="215" VPOS="622" WIDTH="697" HEIGHT="34">
            <Shape><Polygon POINTS="215 638 215 649 512 649 522 653 523 653 524 653 605 649 611 654 612 654 613 654 722 655 723 655 812 651 823 656 824 656 825 656 911 651 912 644 911 629 215 622 215 638"/></Shape>
            <String CONTENT="culo es mihi, quia non ſapis ea quæ ſunt Dei, ſed ea quæ ſunt hominum. Quo pacto" HPOS="215" VPOS="622" WIDTH="697" HEIGHT="34" WC="0.9895322412252426"/>
          </TextLine>
          <TextLine ID="line_45" TAGREFS="LT8" BASELINE="217 660 913 667" HPOS="216" VPOS="641" WIDTH="697" HEIGHT="34">
            <Shape><Polygon POINTS="217 660 216 667 912 675 913 667 913 651 217 641 217 660"/></Shape>
            <String CONTENT="&amp; diaboli nomen legimus generali ſignificatione etiam homini attributum. Chriſtus" HPOS="216" VPOS="641" WIDTH="697" HEIGHT="34" WC="0.995144561485008"/>
          </TextLine>
          <TextLine ID="line_46" TAGREFS="LT8" BASELINE="217 681 913 689" HPOS="216" VPOS="662" WIDTH="697" HEIGHT="37">
            <Shape><Polygon POINTS="217 681 216 691 911 699 913 689 912 673 217 662 217 681"/></Shape>
            <String CONTENT="loan.6. de luda, vnus ex vobis diabolus eſt. Cùm porrò in diabolo odium, inuidia" HPOS="216" VPOS="662" WIDTH="697" HEIGHT="37" WC="0.9965561097714959"/>
          </TextLine>
          <TextLine ID="line_47" TAGREFS="LT8" BASELINE="215 704 420 703 912 710" HPOS="214" VPOS="686" WIDTH="698" HEIGHT="35">
            <Shape><Polygon POINTS="215 704 214 713 910 721 912 710 912 695 215 686 215 704"/></Shape>
            <String CONTENT="&amp; inimicitia aduerſus genus humanum maxima ſit &amp; perpetua ( ſiquidem inuidia" HPOS="214" VPOS="686" WIDTH="698" HEIGHT="35" WC="0.9875146817219885"/>
          </TextLine>
          <TextLine ID="line_48" TAGREFS="LT8" BASELINE="214 725 912 730" HPOS="213" VPOS="709" WIDTH="699" HEIGHT="28">
            <Shape><Polygon POINTS="214 725 213 732 910 737 912 730 911 715 214 709 214 725"/></Shape>
            <String CONTENT="diaboli peccatum introijt in orbem terrarum, &amp; ab initio, vt Chriſtus ait loan.8. homi¬" HPOS="213" VPOS="709" WIDTH="699" HEIGHT="28" WC="0.9849392038652267"/>
          </TextLine>
          <TextLine ID="line_49" TAGREFS="LT8" BASELINE="214 746 912 753" HPOS="213" VPOS="728" WIDTH="699" HEIGHT="35">
            <Shape><Polygon POINTS="214 746 213 755 910 763 912 753 911 735 214 728 214 746"/></Shape>
            <String CONTENT="cida eſt) per Antonomaſiam diabolus ſatan paſsim in ſcripturis appellatur. Et ſi quid" HPOS="213" VPOS="728" WIDTH="699" HEIGHT="35" WC="0.9941710296799154"/>
          </TextLine>
          <TextLine ID="line_50" TAGREFS="LT8" BASELINE="213 767 912 774" HPOS="212" VPOS="752" WIDTH="700" HEIGHT="30">
            <Shape><Polygon POINTS="213 767 212 775 910 782 912 774 911 759 213 752 213 767"/></Shape>
            <String CONTENT="memoratur factum ad hominum perniciem, id plurimùm dicitur à ſatana procuratum" HPOS="212" VPOS="752" WIDTH="700" HEIGHT="30" WC="0.9960963249206543"/>
          </TextLine>
          <TextLine ID="line_51" TAGREFS="LT8" BASELINE="214 789 912 795" HPOS="213" VPOS="774" WIDTH="699" HEIGHT="28">
            <Shape><Polygon POINTS="214 789 213 796 910 802 912 795 911 780 778 775 777 775 733 778 713 774 713 774 214 774 214 789"/></Shape>
            <String CONTENT="1. Paralip. 21. ſurrexit ſatan contra Iſrael, &amp; incitauit Dauid, vt numeraret lſraelem." HPOS="213" VPOS="774" WIDTH="699" HEIGHT="28" WC="0.9873156362566454"/>
          </TextLine>
          <TextLine ID="line_52" TAGREFS="LT8" BASELINE="213 810 913 816" HPOS="213" VPOS="795" WIDTH="700" HEIGHT="33">
            <Shape><Polygon POINTS="213 810 213 817 230 822 231 822 232 822 289 819 336 823 337 823 405 820 445 824 446 824 502 821 513 825 513 825 514 825 585 821 613 826 614 826 710 822 716 827 717 827 718 827 719 828 912 828 913 816 912 797 213 795 213 810"/></Shape>
            <String CONTENT="EtI. ad Theſſal. 2. queritur Apoſtolus, obſtitiſſe ſibi ſatanam, quò minus, cum tamẽ" HPOS="213" VPOS="795" WIDTH="700" HEIGHT="33" WC="0.9805553479250088"/>
          </TextLine>
          <TextLine ID="line_53" TAGREFS="LT8" BASELINE="213 832 913 838" HPOS="213" VPOS="815" WIDTH="700" HEIGHT="32">
            <Shape><Polygon POINTS="213 832 213 839 911 847 913 838 912 823 413 815 413 815 213 816 213 832"/></Shape>
            <String CONTENT="ſemel &amp; iterum decreuiſſet, ad ipſos peruenerit. Ita tradere aliquem ſatanæ ſim¬" HPOS="213" VPOS="815" WIDTH="700" HEIGHT="32" WC="0.9941242675722382"/>
          </TextLine>
          <TextLine ID="line_54" TAGREFS="LT8" BASELINE="213 854 912 859" HPOS="213" VPOS="839" WIDTH="699" HEIGHT="28">
            <Shape><Polygon POINTS="213 854 213 865 910 867 912 859 911 844 213 839 213 854"/></Shape>
            <String CONTENT="pliciter eſt permittere, eum aliquo modo ab illo malo ſpiritu moleſtandum, affligen¬" HPOS="213" VPOS="839" WIDTH="699" HEIGHT="28" WC="0.992575732015428"/>
          </TextLine>
          <TextLine ID="line_55" TAGREFS="LT8" BASELINE="214 874 913 881" HPOS="213" VPOS="860" WIDTH="700" HEIGHT="32">
            <Shape><Polygon POINTS="214 874 213 882 911 892 913 881 911 862 829 866 737 861 736 861 652 864 647 861 647 860 646 860 646 860 214 860 214 874"/></Shape>
            <String CONTENT="dum, diuexandum, prout Domino viſum fuerit. Si autem à Domino traditus eſt" HPOS="213" VPOS="860" WIDTH="700" HEIGHT="32" WC="0.9988298654556275"/>
          </TextLine>
          <TextLine ID="line_56" TAGREFS="LT8" BASELINE="213 897 912 901" HPOS="212" VPOS="878" WIDTH="700" HEIGHT="35">
            <Shape><Polygon POINTS="213 897 212 905 910 913 912 901 911 887 773 887 753 881 753 881 752 881 640 885 633 881 633 881 632 881 631 881 512 884 485 880 484 880 368 883 353 879 352 879 351 879 238 882 213 878 213 897"/></Shape>
            <String CONTENT="ſatanæ pius Hiob, vt primũ affligeretur in facultatibus, deinde etiã in corpore: Hiob" HPOS="212" VPOS="878" WIDTH="700" HEIGHT="35" WC="0.976273877182226"/>
          </TextLine>
          <TextLine ID="line_57" TAGREFS="LT8" BASELINE="213 920 912 924" HPOS="212" VPOS="904" WIDTH="700" HEIGHT="27">
            <Shape><Polygon POINTS="213 920 212 930 910 931 912 924 911 908 213 904 213 920"/></Shape>
            <String CONTENT="1. &amp; 2. Item Paulus 2. ad Corinth. 12. fatetur, datum ſibi fuiſſe ſtimulum per car¬" HPOS="212" VPOS="904" WIDTH="700" HEIGHT="27" WC="0.987365088549005"/>
          </TextLine>
          <TextLine ID="line_58" TAGREFS="LT8" BASELINE="213 941 913 945" HPOS="212" VPOS="926" WIDTH="701" HEIGHT="31">
            <Shape><Polygon POINTS="213 941 212 948 247 954 248 954 349 949 358 954 359 954 360 954 360 954 453 950 497 955 498 955 499 955 513 951 538 955 539 955 684 952 690 956 691 956 692 956 693 956 820 953 846 957 846 957 876 953 911 957 913 945 912 926 213 926 213 941"/></Shape>
            <String CONTENT="nem, nuncium ſatanæ, qui ipſum colaphis cæderet. His affine eſt, quòd im¬" HPOS="212" VPOS="926" WIDTH="701" HEIGHT="31" WC="0.9968359937538972"/>
          </TextLine>
          <TextLine ID="line_59" TAGREFS="LT8" BASELINE="213 962 913 967" HPOS="213" VPOS="943" WIDTH="700" HEIGHT="31">
            <Shape><Polygon POINTS="213 962 213 972 912 974 913 967 913 953 864 947 863 947 862 947 846 952 824 947 823 947 693 951 684 946 683 946 682 946 681 946 651 950 529 950 522 945 521 945 520 945 520 945 470 949 450 944 449 944 448 944 447 944 433 948 420 944 420 944 419 944 418 944 402 948 278 943 277 943 213 946 213 962"/></Shape>
            <String CONTENT="pium Saulem exagitauit ſpiritus Domini malus: 1. Samuel. 16.18. Item ſatanas" HPOS="213" VPOS="943" WIDTH="700" HEIGHT="31" WC="0.9828713975454632"/>
          </TextLine>
          <TextLine ID="line_60" TAGREFS="LT8" BASELINE="221 988 911 987" HPOS="219" VPOS="967" WIDTH="691" HEIGHT="31">
            <Shape><Polygon POINTS="220 987 220 995 907 998 910 986 907 969 219 967 220 987"/></Shape>
            <String CONTENT="in ludam introijſſe dicitur, lohan.33. Ex quibus locis colligere licet. Primùm, infeſta¬" HPOS="219" VPOS="967" WIDTH="691" HEIGHT="31" WC="0.9739406785268462"/>
          </TextLine>
          <TextLine ID="line_61" TAGREFS="LT8" BASELINE="221 1009 913 1010" HPOS="220" VPOS="987" WIDTH="692" HEIGHT="36">
            <Shape><Polygon POINTS="885 987 220 987 220 1023 912 1023 912 987 885 987"/></Shape>
            <String CONTENT="ri à ſatana pariter pios &amp; impios. Dehinc alios plus, alios verò minus, nempe in fa" HPOS="220" VPOS="987" WIDTH="692" HEIGHT="36" WC="0.9920272890259237"/>
          </TextLine>
          <TextLine ID="line_62" TAGREFS="LT8" BASELINE="222 1031 912 1031" HPOS="221" VPOS="1012" WIDTH="690" HEIGHT="30">
            <Shape><Polygon POINTS="221 1030 221 1040 910 1042 911 1030 911 1013 221 1012 221 1030"/></Shape>
            <String CONTENT="cultatibus, in corpore, vel etiam in anima &amp; corpore ſimul. Sed hoc obſeruare opor" HPOS="221" VPOS="1012" WIDTH="690" HEIGHT="30" WC="0.985039241430236"/>
          </TextLine>
          <TextLine ID="line_63" TAGREFS="LT8" BASELINE="225 1054 913 1053" HPOS="222" VPOS="1032" WIDTH="690" HEIGHT="31">
            <Shape><Polygon POINTS="224 1060 910 1063 912 1051 910 1034 222 1032 224 1053"/></Shape>
            <String CONTENT="tet diſcrimẽ inter pios &amp; impios, quòd illi quidem infeſtantur à ſatana, ad exercitatio¬" HPOS="222" VPOS="1032" WIDTH="690" HEIGHT="31" WC="0.9928628068703872"/>
          </TextLine>
          <TextLine ID="line_64" TAGREFS="LT8" BASELINE="223 1073 912 1073" HPOS="222" VPOS="1051" WIDTH="689" HEIGHT="33">
            <Shape><Polygon POINTS="444 1053 431 1053 418 1053 405 1053 392 1053 379 1053 366 1053 353 1053 340 1053 327 1053 314 1053 301 1053 288 1053 275 1053 262 1053 249 1053 235 1053 234 1051 222 1051 222 1072 222 1084 911 1081 911 1072 911 1055 452 1053 444 1053"/></Shape>
            <String CONTENT="nem, probationem, humiliationem, ad illuſtrãdam gloriam Dei in ipſorum liberatio¬" HPOS="222" VPOS="1051" WIDTH="689" HEIGHT="33" WC="0.9970301883976634"/>
          </TextLine>
          <TextLine ID="line_65" TAGREFS="LT8" BASELINE="223 1095 913 1097" HPOS="221" VPOS="1075" WIDTH="691" HEIGHT="32">
            <Shape><Polygon POINTS="222 1094 221 1105 910 1107 912 1096 911 1077 222 1075 222 1094"/></Shape>
            <String CONTENT="ne &amp; conſeruatione, vel ad alios eiuſmodi fines, qui ipſis ſunt ſalutares, &amp; gloriam pa¬" HPOS="221" VPOS="1075" WIDTH="691" HEIGHT="32" WC="0.9973486898974939"/>
          </TextLine>
          <TextLine ID="line_66" TAGREFS="LT8" BASELINE="224 1112 913 1119" HPOS="221" VPOS="1097" WIDTH="691" HEIGHT="32">
            <Shape><Polygon POINTS="561 1098 548 1098 535 1098 522 1098 509 1098 496 1098 483 1098 470 1098 457 1098 444 1098 431 1098 418 1098 405 1098 392 1098 379 1098 366 1098 353 1098 340 1098 327 1098 314 1098 301 1098 288 1098 275 1098 262 1098 249 1098 235 1098 222 1098 222 1111 221 1123 910 1129 912 1118 911 1101 567 1097 561 1098"/></Shape>
            <String CONTENT="rant: Hi verò ad vindictam, ad pœnam peccatorum, frequenter etiam ad æternam" HPOS="221" VPOS="1097" WIDTH="691" HEIGHT="32" WC="0.9871355171327467"/>
          </TextLine>
          <TextLine ID="line_67" TAGREFS="LT8" BASELINE="219 1130 365 1135 913 1139" HPOS="218" VPOS="1119" WIDTH="695" HEIGHT="32">
            <Shape><Polygon POINTS="219 1130 218 1143 599 1149 600 1149 697 1146 704 1150 705 1150 706 1150 706 1150 764 1146 827 1151 828 1151 913 1146 913 1139 913 1124 219 1119 219 1130"/></Shape>
            <String CONTENT="damnationem. Cùm proinde Deus ſingulari iudicio propia ſua autoritate conſue" HPOS="218" VPOS="1119" WIDTH="695" HEIGHT="32" WC="0.9944620914273448"/>
          </TextLine>
          <TextLine ID="line_68" TAGREFS="LT8" BASELINE="219 1156 913 1161" HPOS="218" VPOS="1141" WIDTH="695" HEIGHT="27">
            <Shape><Polygon POINTS="219 1156 218 1166 912 1168 913 1161 913 1144 219 1141 219 1156"/></Shape>
            <String CONTENT="uerit permittere interdum ſatanæ, vt modo pios, modò impios, &amp; alios mitius, alios" HPOS="218" VPOS="1141" WIDTH="695" HEIGHT="27" WC="0.9879112056938999"/>
          </TextLine>
          <TextLine ID="line_69" TAGREFS="LT8" BASELINE="215 1177 913 1184" HPOS="214" VPOS="1158" WIDTH="699" HEIGHT="32">
            <Shape><Polygon POINTS="215 1177 214 1186 912 1190 913 1184 913 1168 215 1158 215 1177"/></Shape>
            <String CONTENT="acerbius diuexaret, placuit Deo eandem poteſtatem Eccleſiæ ſuæ communicare, &amp;" HPOS="214" VPOS="1158" WIDTH="699" HEIGHT="32" WC="0.9934557351199064"/>
          </TextLine>
          <TextLine ID="line_70" TAGREFS="LT8" BASELINE="220 1208 366 1199 914 1204" HPOS="217" VPOS="1180" WIDTH="696" HEIGHT="30">
            <Shape><Polygon POINTS="908 1183 895 1183 882 1183 869 1183 856 1183 843 1183 830 1183 817 1183 804 1183 791 1183 778 1183 765 1182 752 1182 739 1182 726 1182 713 1182 700 1182 687 1182 674 1182 661 1182 647 1182 634 1182 628 1180 219 1180 219 1206 217 1208 911 1210 913 1202 912 1182 908 1180 908 1183"/></Shape>
            <String CONTENT="quidẽ vt pars diſciplinę adeo́ vindictæ eccleſiaſticę eſſet, qua redigere in ordinẽ poſ¬" HPOS="217" VPOS="1180" WIDTH="696" HEIGHT="30" WC="0.985093589111041"/>
          </TextLine>
          <TextLine ID="line_71" TAGREFS="LT8" BASELINE="221 1228 410 1231 912 1226" HPOS="219" VPOS="1201" WIDTH="692" HEIGHT="35">
            <Shape><Polygon POINTS="297 1202 284 1202 271 1204 258 1205 245 1205 232 1206 219 1206 220 1227 220 1232 908 1236 911 1225 908 1206 303 1201 297 1202"/></Shape>
            <String CONTENT="ſet improbos Etenim in nouo teſtamẽto peculariter data eſt pijs poteſtas vt exemplo" HPOS="219" VPOS="1201" WIDTH="692" HEIGHT="35" WC="0.9920348482472556"/>
          </TextLine>
          <TextLine ID="line_72" TAGREFS="LT8" BASELINE="217 1243 356 1241 913 1249" HPOS="215" VPOS="1222" WIDTH="697" HEIGHT="35">
            <Shape><Polygon POINTS="907 1226 320 1230 229 1229 226 1222 216 1222 215 1253 910 1257 912 1226 907 1226"/></Shape>
            <String CONTENT="Chiſti &amp; virtute ſeu nomine Chriſti, de q pmiſsio facta fuerat ad primos parentes &amp;" HPOS="215" VPOS="1222" WIDTH="697" HEIGHT="35" WC="0.9768024043864515"/>
          </TextLine>
          <TextLine ID="line_73" TAGREFS="LT8" BASELINE="213 1262 913 1270" HPOS="213" VPOS="1247" WIDTH="700" HEIGHT="38">
            <Shape><Polygon POINTS="213 1262 213 1278 911 1285 913 1270 912 1255 213 1247 213 1262"/></Shape>
            <String CONTENT="contriturus eſſet antiqui ſerpentis caput, Geneſ.3. ſatanæ inſultus reprimãt, eundem" HPOS="213" VPOS="1247" WIDTH="700" HEIGHT="38" WC="0.9913664362009834"/>
          </TextLine>
        </TextBlock>
        <TextBlock HPOS="822" VPOS="1278" WIDTH="91" HEIGHT="27" ID="block_9" TAGREFS="BT17">
          <Shape><Polygon POINTS="913 1278 913 1305 822 1305 822 1278"/></Shape>
          <TextLine ID="line_74" TAGREFS="LT8" BASELINE="828 1292 911 1292" HPOS="828" VPOS="1278" WIDTH="83" HEIGHT="32">
            <Shape><Polygon POINTS="906 1278 898 1278 889 1278 880 1278 872 1278 863 1278 854 1278 846 1278 837 1278 828 1278 828 1292 828 1309 910 1310 911 1292 911 1278 906 1278"/></Shape>
            <String CONTENT="doment," HPOS="828" VPOS="1278" WIDTH="83" HEIGHT="32" WC="0.999686735016959"/>
          </TextLine>
        </TextBlock>
      </PrintSpace>
    </Page>
  </Layout>
</alto>
