1000 1564
220 139 407 26 AD TIMOTHEVM CAP I.

758 145 8 22 3

80 164 692 22 ſe omnino reieciſſet, poſſent.1.ad Corinth.12. 1.loan.4. Quemadmodum ita fieri tunc

79 179 683 29 expediebat, erat́ neceſſariũ. Nunc vero iudiciũ certũ ferre nõ poſſumus, niſi à poſte

79 199 683 31 riori, hoc eſt, dum animaduertimus manifeſtè effecta blaſphemiæ. Etenim qui palàn

82 225 680 26 excæcatus in ſenſum reprobũ traditus, obduratus, at in blaſphemia, veritatis oppu¬

84 245 682 29 gnatione, gratiæ Chriſti cõtemptu perſeuerat ac moritur, de hoc pronunciare audebi

83 265 681 27 mus, quòd peccati in Spiritum Sanctũ irremiſsibilis reus fuerit: Antè verò  vitæ ab¬

83 288 678 26 ſoluent cuilum, nõ eſt plané deſperãdum de eius cõuerſione. Quis nã ſcit, an Deus

86 307 681 33 Illi velit rurſus aperire oculos, vt peccatũ agnoſcat, veniã ex animo poſtulet, eandẽ

84 328 682 33 cõſequatur. Quocirca verba Chriſti ad ludæos recte intelligent generalem quãdam

82 353 685 27 cõminationem continere, vt ſit ſententia: Si qui ex ludæis tunc præſentibus ita ſem¬

82 374 684 28 per interpretarentur, perfecta eſſe potẽtia Beelzebul, quæ diuina virtute ipſe feciſſet,

82 395 684 29 futurũ, vt propter tale peccatũ in Spiritũ S. excęcarent, in ſenſum traderent reprobũ,

82 416 686 31 deni damnarentur in æternũ: Nec dubium eſt, quin aliqui ex ijs reſipuerint: quidam

82 436 684 33 verò eiuſmodi effecta blaſphemiæ fuerint experti. Stephanus quo nõ vniuerſaliter,

80 456 686 34 ſed indefinitè dixit: Vos ſemper reſticiſtis Spiritui Sancto: ſignificãs nimirũ, non oẽs,

82 478 684 32 qui ibi aderant, ſed tantũ aliquos ſcientes volentes́ in Spiritũ ſanctũ peccaſſe, quo¬

81 501 685 29 rum peccatũ foret irremiſsibile: quoſdã verò alios illi cœtui interfuiſſe, qui in Spiritũ

81 523 685 33 Sanctum peccarent quidẽ, attamen per ignorantiã, quibus peccatum, quandocun

82 544 685 33 pœmtentiã agerent, remitteretur: ac pro talibus, in quibus & Paulũ adoleſcentẽ fuiſſe

83 564 683 35 cõſtat, orationẽ ad Deũ fecit. Si, reuelante Spiritu Sancto cognouiſſet, oës ſine exce¬

84 586 682 34 ptione ita reſtitiſſe Spiritui Sancto, vt peccatum eorum foret ſimpliciter irremiſsibile,

83 608 683 33 nequaquam pro illis generatim oraſſet, nec eccleſia poſtea vidiſſet Paulum factũ A¬

83 626 695 34 poſtolum. propterea 2.ad Timoth.2.ita præcipit Apoſtolus: Seruũ Domini nõ opor¬ e

83 649 697 36 tet pugnare, ſed placidum eſſe erga oẽs, aptum ad docendum, tolerantem malos: cum ce

81 668 699 33 lenitate erudientem eos, qui contrariè ſunt animo affecti experturũ, ecquando det il¬„

81 693 697 33 lis Deus pœnitentiã, ad agnoſcendã veritatẽ, & reſipiſcant è diaboli laqueo capti ab'

81 714 697 31 eo, ad ipſius voluntatem. Ad Tit.3. Hæreticum hominem antequam habeatur pro ę¬

80 735 691 36 uerſo at damnato, vult ſemel iterum́ admoneri. Ad Rom.11. ludæos excæcatos ait

80 753 690 35 poſſe iterum inſeri, ſi in incredulitate non permanſerint. Quare nos quo de blaſphe

80 775 690 36 mantibus & Spiritui Sancto reſiſtentibus, quamdiu in viuis ſunt, non protinus deſpe

81 799 689 33 rabimus, ſed quemadmodum iubet Apoſtolus, frequẽter admonebimus, docebimus

81 820 690 36 ſedulo, quin, etiam exemplo Stephani pro illis orabimus, fiduciam habentes, quòd

82 837 688 38 Deus dignabitur illorum miſereri. Hinc quo fit, quod eccleſia pro inimicis & perſe¬

82 858 684 43 cutoribus, pro ludæis & hæreticis orationẽ nonnunquã ad Deum facere ſolet Si auté

83 881 683 39 certa reuelatione patefieret, aliquos ita reſiſtere Spiritui Sancto, vt pœnitentiæ acre¬

83 900 683 44 miſsionis nulla eſſet amplius ſpes reliqua, pro nis, quemadmodum loannes docet, non

83 922 683 50 orabimus. Hæcad iudicandum, quæ nam blaſphemia in Spiritum Sanctum ſitir¬

82 943 187 31 remiſsibilis, ſufficiunt.

774 172 66 35 udicium à

774 196 65 30 bosteriori

770 217 74 29 et postmor

770 238 32 29 tem.

767 268 79 22 Ante mortẽ

769 284 71 22 de hominis

768 300 79 29 ſalutenõ eſt

770 319 73 35 deſperandũ,

105 974 732 39 Nune de peccato ignorantiæ nonnulla ſunt adijcienda. Quæ autem maxime ſunt ter pecca¬

86 986 494 40 ſcitu neceſſaria, nos propoſitionibus aliquot complectemur.

79 1021 686 33 1. Peccatum aliud iudicio voluntario perficitur, aliud ignorantia. De priori genere

80 1028 682 46 ſatis notum eſt: omnes, qui legis diuinæ habent cognitionem, ſed tamen tranſgredi au

79 1053 685 44 dent, reos eius peccati ſtatui: perlegem cognitionem peccati: ad Roman.3. De altere

80 1070 684 48 genere Leuit 4. & Numer.15.ubi Deus præſcribit, qualia ſacrificia offerri ad oſtium t?

79 1093 685 48 Dernaculi & cornua altaris debeant, pro eo, qui per ignorantiam peccauerit, ſiue ſacei

80 1119 617 37 dos, ſiue tota multitudo filiorum Iſrael ſiue priuatus quiſpiam ita deliquiſſet.

79 1152 686 31 2. Quo autei uncernere polsimus, quæ nam ignorantia, & quomodo, uel quãdo

79 1158 686 43 pro crimine ſtatuatur: operæ pretiũ eſt, diuerſas ignorantiæ formas ſiue ſpecies expli

82 1179 683 46 cari. Primûm eſt ignorantia quædam uniuerſalis, & omnibus hominibus commu¬

82 1200 683 45 nis, quæ eſt effectus peccati originalis, qua fit, ut nunquam tam plenẽ ea, quæ Deiue

80 1219 685 50 ſalutis noſtrę ſunt, cognoſcamus in hac uita, uti debebamus, ueluti poſt hâc uita dabig

82 1245 683 47 cognoſcere. Atque hæc omnis erroris in hac uita fons eſt & origo, nec quamdiu uiui

80 1261 684 61 mus, prorſus à nobis tollitur. Secundò, eſt ignorantia particularis, at alia quider

770 877 70 32 De peccato

770 899 77 36 per ignoran

770 918 33 29 tiam.

770 934 77 33 1. Propoſi¬

766 961 83 26 tio. Duplici¬

764 997 83 30 tur, exigno¬

771 1016 76 39 rantia & uo

769 1037 51 27 luntatę.

768 1053 64 29 Sagificia

767 1071 81 32 pro peccatis

769 1097 74 30 ignorantiæ.

767 1114 76 30 2. Propoſi¬

765 1135 27 28 tio.

769 1152 69 30 1. Genusi¬

770 1173 65 31 gnorantiæ

769 1193 71 29 uniuerſalis.

769 1213 79 31 Effectũ pec

769 1234 79 34 cati origina¬

772 1252 19 31 lis.

770 1278 80 24 2. Ignoran¬

770 1287 80 46 uaparticils

700 1316 93 27 corum, ris.
