1000 1564
205 145 420 27 AD TIMOTHEVM CAP. I

752 159 17 22 49

81 169 694 32 efferatur, ſed timeat: Ad Roman.4. & u. fides in Deum, charitas in Deum, Timor Dei,

81 187 483 25 coniuncta ſunt, at his efficitur, vt pij clament, Abba pater.

97 211 665 31 Verùm ideo miſericordiã ſum adeptus:) Duas adijcit & palàm prędicat inſignes omni

80 222 686 38 bus́ notandas cauſas, ob quas Deus dignatus eſt ipſum miſericordia: quę̧ ita ſunt di¬

82 248 680 36 geſtæ & è pluribus electæ, vt vſum ſiue effecta Euangelij declarent, ſimul́ verum eſ

82 272 682 31 ſe doceant, quod proxime dixerat leſum Chriſtum veniſſe in mundum, vt peccato

82 289 680 39 res ſaluos faceret. Licet autem, imò & prodeſt cauſas operum Dei nonnunquam inus

84 312 682 33 ſtigare, & in lucem protrahere: quandoquidem earum conſideratio in nobis fidem au

82 336 680 30 cuit, vel ad timorem Dei, vel ad prædicandum eius nomẽ, ad gratiarum actionem, a

82 355 680 33 ſtud um benè agendi aut omninò ad alia bona inuitat. Quod licet vidêre, tùm in mul

82 376 682 37 tis diſputationib. in libro Hiob, tûm in pleris pſalmis, vt 19.104, 105,106.107. in qui

80 396 685 36 bus excitantur homines ad conſideranda admirabilia opera Dei, & canendas propter

80 418 684 35 hæc Deo laudes. Variæ autem ſunt eauſæ actionum Dei: Quædam enim ſunt, quas

79 439 685 39 ſerutari humanæ menti planè eſt impoſsibile, de qualibus ad Rom.11. dicitur: Quam

79 461 679 36 inſerutabilia iudicia & imperueſtigabiles viæ eius. Quædam ſunt, quas etiamſi huma

83 483 679 35 nus intellectus poſſet aſſequi, tamen noſſe minimè expediret: in quibus explorandis

85 505 677 31 qui vehementer laborat, ſtultæ curioſitatis incurrit notam. De negotijs hominũ par¬

82 525 681 35 ticularibus multæ huiuſmodi quæſtiones moueri poſſunt:ut, Cur Deus huichomini

80 547 682 32 longum vitæ tempus, illi verò breue pręſtituerit: Cur Deus voluerit, vt ex duobus fra

83 571 683 32 tribus vnus eſſet maior, alter minor: & maior interim minori ſeruiret: ad Rom.9. Harũ

85 591 681 34 & ſimilium actionum Dei cauſas omnes noſſe ne expediret quidem: ſed ſatis audire,

85 609 682 34 hoc ita erat decretum, Deus cuius vult miſeretur. Cur autem velit, ſcire nõ eſt neceſſe.

85 630 683 38 Relinquitur ergo, has demũ cauſas in operibus Dei recté à nobis explorari, quas in¬

85 655 684 34 tellectũ ſiue potius fide poſſumus apprehendere, & quas ſcire nobis nunc expedit, &

84 673 683 38 has ipſas eatenus diligenter expendamus: proponemus inſuper alijs expendendas,

84 698 684 30 quatenus inſtituto de quo agimus, ſunt accommodatæ Nam omnes perquirere cau¬

82 715 687 39 ſas, & alias quo quę inſtituto non ſeruiunt, ne vtile eſt, ne neceſſarium, vt non di¬

82 740 685 31 cam ſæpenumerò etiam impoſtibile. Ad hunc proinde modum Paulus præſenti loco

84 760 682 37 grauiſsimas cauſas ante oculos ponit, ob quas Deus ipſum dignatus eſt miſericordia.

101 787 656 31 Ptin me primo ostenderet Ieſus Chriſlus omnem clementiam.) Prima cauſa ſpectans a

83 800 681 36 illuſtrationẽ gloriæ Dei:quę & ideo primo loco poſita eſt, quod in coſideratione cau¬

83 821 677 39 ſarũ decet nos in ea eſſe ante omnia intẽtos, quę ad Deũ ipſum pertinẽt: Siquidẽ De

83 843 684 40 us ſui ipſius & ſuæ gloriæ cauſa perficit vniuerſa: ad Epheſ.1.Hominum vero officium

84 864 682 42 eſt, de creatoris ac Domini ſui gloria inprimis cogitare, quemadmodũ Chriſtus quo

85 888 682 39 iubet prius quæri regnum Dei, quàm quæcun alia: Matth.6. Vſus eſt autem Apoſto

85 910 683 37 lus verbis valde appoſitis & ad inſtitutum accommodatis. Primõ ſimpliciter reſpon¬

82 928 684 37 det illis, quæ de vſu Euangelij ante ſunt poſita, Venit Chriſtus Ieſus in mundum, vt pecca¬

82 947 679 42 tores ſaluos faceret. Secundò, ſingulæ voces quadam Emphaſi enunciari debent, vt¬

81 972 686 36 pote quæ mirabilem vim obtinent amplificandi. Oſtendit, inquit, Chriſtus, id eſt, eui¬

82 991 676 42 dentur & multò manifeſtiſsimè demõſtrat, vult́ Deus ab omnibus animaduerti. Ey

81 1015 687 39 Ataçis eſt indicatio rei cum primis animaduertendæ: qua voce etiam medici vtũtur, ad

81 1034 685 42 ſignificandum, rem pręuertendam & accuratẽ conſiderandam in morbſ alicuius cu¬

80 1057 686 38 tatione. Et item dicit, in me primo id eſt, maximo & inſigni peccatore. Nec dicit ſim¬

79 1076 679 46 pliciter κακροθυμίαν, id eſt, clementiam ſeu potius longanimitatem, lenitatem animi

82 1103 678 37 ſed omnem clementiant ſiue lenitatem, id eſt, multò maximam ampliſsimam́. Eſtq́;

82 1122 682 37 vocabulum hoc exquiſitum & negotio Pauli aptiſsimum. Verè enim Deus μακροθυ¬

79 1139 681 48 uos eſt, qui patienter expectat peccatorum conuerſionem, nec quærit eorum mortẽ,

81 1164 683 40 ſed magis vt conuertantur & viuant. At in conſeruatione Pauli, qui aſperrimus fue¬

82 1184 683 41 rat Euangelij hoſtis & perſecutor, μακροθυμια Dei inſignis eluxit. Celebratur autem

81 1204 685 42 hoc pacto iſta Dei longanimitas ad Roman.2.1. Petri3.2.Petri3. Bonitatem verò &

83 1228 682 45 clementiam ſuam Deum velle, cum peccatores ſeruat, oſtentare, ad Roman. 9. 11.

81 1249 385 33 ad Epheſ.1.ad Tit.3. & paſsim alibi prędicatur.

99 1281 653 52 Adexpremendum exemplar je qui erediur eſſent in ipſa in vitamatemam.) Secunda çur

623 1312 9 26 e

715 1309 50 40 ſaad

863 779 24 41 A

780 220 64 26 Quæ cauſæ

779 235 65 28 ob quas mi.

777 252 67 32 ſericordian

775 273 62 31 adeptus eſt

777 293 45 26 Paulus.

772 306 76 32 vule eſt o¬

770 330 76 29 perum Dei

773 347 74 29 cauſas inue¬

773 371 67 25 ſtigare, ad

773 387 70 31 fidem, adti¬

774 409 69 27 morem Dei,

773 430 67 24 ad gratiarũ.

773 445 71 30 actionem, ad

773 467 71 30 ſtudium uita

773 487 21 27 piæ.

771 508 77 25 Adiões Dei

770 521 77 32 quatenus in¬

773 542 71 32 teſtigande,

774 564 60 38 9 contrà.

767 784 73 27 LCauſſa Il.

770 806 70 52 uſpos

769 823 47 50 repes.

770 963 65 39 Emphaſeis.

769 1003 43 37 toeses

767 1090 73 39 Deus auts

766 1110 40 26 duuos,

769 1161 58 38 Excch.1n

765 1290 53 32 2.Cauſſe
