1000 1564
224 134 18 23 20

444 127 321 26 I. EPIST. D. PAVLI

140 138 69 43 Læque

143 172 66 27 nus ſeruit

144 187 72 31 pijs ac fide

146 214 53 25 libus.

146 228 63 31 1. Ex lege

146 247 70 31 Det diſciti

146 274 65 29 uoluntas.

221 145 692 34 ſint officia veræ charitatis: Alter, vt impij & qui non ſunt iuſti, per eam adducantur ad

221 168 692 30 agnitionem peccatorum ſuorum, at inde ad pœnitentiam. Ad Rom.3.Eſt autẽ prior

221 186 692 32 vſus fideliter explicandus in eccleſia, duabus maximẽ de cauſis: Primô, vt certò omni

222 208 690 34 tempore ſciant pij, quæ nam Dei ſit voluntas, & quæ opera illi placeant vel diſplice¬

221 229 691 35 ant. Quamuis enim hiſpiritum Dei habeant, tamen, quoniam, quamdiu hîc uiuunt,

229 254 683 32 carne ſunt circumdati, atque hæc cupit eos ab agnitione veritatis abducere: ideo con

225 274 692 29 uenit propoſita lege Dei ſcripta ipſos in agnitione Dei confirmari. Huc pertinent plu

222 294 694 31 ra de vſulegis hancin partem expoſita pſalmo 119. Lex Domini, inquit, fidele teſti¬

225 318 691 32 monium, præſtans ſapienciam: Et, Lucerna pedi meo verbum ſuum, & lumen ſemitis

225 338 688 34 meis. Secundò, vt excitentur pij ad officia charitatis præſtanda, ſcientes, ſeruum,

225 359 691 35 qui ſcit voluntatem Domini, non autem facit, dignum eſſe plagis multis. Atque harſe

225 383 693 29 cauſam notat Apoſtolus, cum de lege verba facere volens præceptum eam vocat. Si

225 406 691 30 Deus præcipit charitatem, neceſſe eſt obtemperemus. Egent ergo, qui iuſtificati ſunt,

225 424 692 32 doctrina legis, at ex hac diſcunt officia Charitatis. Quocirca Apoſtolus quoque in

226 449 690 28 cæteris epiſtolis, poſtquàm demonſtrauit, homines iuſtificari fide abſ legis operi¬

224 471 692 30 bus, ſemper ſubijcit ac docet legis obſeruãtiam, obedientiam, ac bona opera dilectio¬

225 495 689 25 nis nihilominus à iuſtificatis requiri. Ad Rom. 13. Nemini quicquã debeatis, niſi hoc,

226 510 691 31 vt inuicem diligatis: nam qui diligit alterum, legem expleuit: Siquidem illud, Non

225 533 691 32 mœchaberis, non occides, non furaberis, non falſum teſtimonium dices, non concu¬

226 555 691 29 piſces, & ſi quod aliud eſt mandatum. In hoc ſermone ſummatim comprehendit, Di¬

224 576 693 29 liges proximum tuum ſicut teipſum. Dilectio proximi malum non operatur. Con¬

224 594 694 35 ſummatio igitur legis eſt dilectio. Ad Galat.3.In Chriſto leſu neque circumeiſio quic¬

225 621 693 26 quam, neque præputium, ſed fides per dilectionem operatur. Et paulo pôſt: Per di¬

225 639 694 30 lectionem ſeruite inuicem. Nam tota lex in uno verbo completur, nempe hoc, Di¬

224 663 693 28 liges proximum tuum vt teipſum. Ad eundem igitur modum & præſenti loco Apo¬

222 685 695 28 ſtolus vſum legis explanat, vt videlicet iuſtificatis ea ſeruit, qui ex ipſa diſcere debent,

224 702 593 36 quæ nam ſint õpera Charitatis, & quæ Deo placeant, & quæ diſpliceant.

147 336 73 21 2. Per leg

144 349 75 32 pij excitan

144 368 75 29 tur ad open

147 391 73 31 charitatis.

268 735 468 36 Scimus autem, quòd bona ſit lex ſi quis ea legitimè vtatur.

244 768 676 29 Generalis ſententia, in medio ſermonis, de duplici vſu legis interpoſita: qua tum

224 791 695 29 cõfirmat, quæ de vſu legis expoſuit & adhuc expoſiturus eſt: tum cõfutat acreijcit ad¬

225 808 695 33 uerſarios, qui aſſerebant diuerſum. Notę verò ſunt ac receptæ in Dialecticis, at diſci

225 828 692 40 plinis alijs regula: Cuius ſinis bonus est, idipſum quog bonum eſt. Rurſus. Cuius finis ſiue

225 852 692 32 vſus malus eſt, id ipſum quog malum est. Item: Si quis abuſum ponat, pro vſu non rectè ratio¬

224 876 695 28 cinatur. Itaque hinc colligit Apoſtolus, ſe rectè docere de lege ac dignitate, quam de¬

224 894 696 35 bet legi tribuere. Quandoquidem oſtendit verum vſum legis, quando dixit, finẽ præ¬

225 915 695 35 cepti eſſe charitatem: & mox addit: legem non eſſe iuſtis, ſed iniuſtis poſitam. Ratio¬

226 937 696 31 cinamur igitur, legem eſſe bonam per ſe, ſed quatenus quis reſpicit ad legitimos eius

224 963 696 29 fines. Atque hoc modo velut præoccupatione quadam ſimul obturat os aduerſarijs,

225 983 695 31 qui clamitabant, Paulum contra legem quædam ſpargere, & imminuere eius dignita¬

225 1002 697 34 tem, maximé, qui non doceret cum ipſis, legem eſſe datam, vt per eam homines iuſtifi

225 1026 697 30 carentur. Sed reſpondet Apoſtolus, ſe ſcire aclibẽter cõfiteri, quòd lex bona ſit, (qua

225 1047 697 33 de re etiã ad Rom.7.) verum hoc cumprimis requiri, ut quis ea legitimè utatur. Proin¬

225 1068 696 29 deè contrario ſignificat, nullo modo audiendos eſſe aduerſarios, qui legitimum legis

225 1086 696 33 uſum at finem non docebant, ſed inculcabant potius diuerſa. Argumento eſt, quod

226 1113 695 27 coniugatis utitur, dicens, legem eſſe bonam, ſi quis ea legitimè utatur. Vox legitime,

226 1133 697 28 ut à uoce legis deriuatur, ita admirabili proprietate uerum uſum legis, & quęcun de

226 1153 696 30 Lege ſunt ſcitu obſeruatu́ neceſſaria, ſuggerit. Legitime enim perinde eſt ac ſi di¬

226 1176 696 28 cas, iuxta mentem legislatoris, ſecundum ſpiritum ipſius legislatoris & per omnia, ſi¬

226 1198 697 31 cut oportet. Prudentiſsimè ergo Apoſtolus hanc generalem ſententiã interponit, qua

226 1220 697 27 omnes, qui de lege uolunt diſputare, ad conſiderandum uerũ uſum legis, quibuſcun

226 1239 698 30 alijs rebus prętermiſsis, reuocat. lubemur uerõ & nos non tantùm, cùm legem, uerum

226 1259 700 45 etiã quoſcun alios locos doctrinæ religionis enarrandos ſuſcipimus, accuraté pro¬

144 828 75 37 Regule De

144 856 75 43 lechicorum.

144 1088 65 47 Aconuz

146 1113 29 26 uii.

855 1285 70 38 uidere,
