1000 1564
211 127 415 27 AD TIMOTHEVM CAP. I.

746 132 14 23 25

75 147 691 31 gloriam amplificare in terris, & noſtram ſalutem æternam́ beatitudinem quærere

75 164 690 35 in cœlis. Quod ſi inſuper dubitatio de doctrina, vel tentatio aliqua ad peccata ſuboria

75 185 690 34 tur, vel etiam ad deſperandum de Dei miſericordia animos noſtros moueri vllo mo¬

75 207 689 35 do contigerit, ex Euangelio certitudinem doctrinæ ſanæ, multiplicia remedia aduer¬

75 230 690 35 ſus tentationes, ſpem gloriæ beati Dei, deni omnis generis conſolationes haurire

77 250 687 38 nobis licebit. Viderint porrò omnes, quàm grauiter illi peccent, qui tum quouis pa¬

78 275 685 30 cto impediunt Euangelij eurſum, tum Deo conantur adimere gloriam, tum homini¬

78 296 687 33 bus inſtitutionem & conſolationem in hac vita, deni & beatitudinẽ poſt hãc vitam

78 314 686 35 inuident. Qui Euangelium inglorium vel infrugiferum arbitrantur, tota errant uia,

78 341 536 30 eſtq́; omnibus contemptoribus durum contra ſtimulum calcitrare.

97 366 660 27 Quod concreditum eſt mihi.) Addit de ſuo officio, id tribus de cauſis. Prima, vt au

74 380 684 31 toritatem ſibi diuendicet fidem́ ipſi habeant auditores. Quem conſtat ad munus de

76 398 682 41 cendi Euangelij diuinitus eſſe vocatum, par eſt hunc audiamus. Secunda, vt intelligã

76 419 682 38 omnes, doctrinam, quam de lege eius ́ vſu expoſuit, puram eſſe ac ſynceram. E diuei

74 443 684 36 ſo autem doctrinam aliorum eſſe vanam & fabulis nihilo præſtantiorem. Tertia, v

79 462 679 35 viam ſternat ad ea quæ mox ſubijcit. Solet nam Apoſtolus orationis ſuæ partes per¬

77 485 683 33 inde connectere, ac ſi ex ſeſe inuicem fluerent. Cæterùm ob duas illas cauſas priores

76 509 685 33 decet nos quo omni ope eniti, quo non modò pro virill, quæ noſtræ conueniunt ve

76 531 685 34 cationi præſtemus, verùm etiam alijs tàm de vocatione noſtra, quàm de doctrina at

77 553 612 33 actionibus reddamus rationem, & ſatis quibuſcun hominibus faciamus.

97 579 663 28 Etgratiam habeo.) Quo ſuam apud omnes tueatur autoritatem, nec temeré quiſqu?

79 591 681 35 credat aduerſarijs, varia & ſiniſtra de ipſo ſpargẽtibus, plenius exponit, quomodo ſib

79 613 681 34 concreditum ſit Euãgelium, oſtendens à quo & quomodo uocatus fuent, quomode

78 636 682 31 item factus ſdoneus, uarijs donis ornatus à Deo, ut munus iniunctum fideliter exe

78 655 682 34 queretur. Sed illud cum primis notandum, quòd ſic iſtud facit Apoſtolus, talem́ fos

79 683 689 26 mat orationem, ut eadẽ opera demonſtret, quomodo legis uſum duplicem à ſe proxi

78 704 688 27 mè deſcriptum planè ſit in ſemetipſo expertus. Atq; hoc pacto dogmata, quę tradidit,

79 728 688 27 valde prudenter ad πράβιν transfert, & quomodo illorum fructum percipere queant

78 746 688 28 conſcientiæ, patefacit: quod ſemper fieri à doctoribus maximoperè eſt neceſſarium.

80 767 687 32 Ante omnia igitur agit Deo gratias, ꝙ dignatus ſit ipſum & vocare ad ſublime mini¬

80 789 688 28 ſterium Apoſtolatus, & donare, vt in eodem ſumma fide conſtantia uerſaretur. Hac

80 813 688 26 autem ratione non tam cauet, ne aduerſarij calumnientur, ipſum quadam arrogantia

79 833 688 31 munus ſuum inaniter iactare, quàm perſtringit falſos doctores, qui ne erant à Deo

80 855 689 30 uocati, ne intelligebant, de quibus aſſeuerarent, quod ſupra dictum eſt. Sic aũt alibi

82 880 685 22 quoque pro ſua uocatione & miniſterio gratias uni Deo agit: Lad Corinth.3.2.ad Co¬

83 898 684 30 rinth 2. Eò aũt iuſtius agit Apoſtolus Deo gratias. quo magis admirandum erat, eum,

83 921 685 26 cuius uita anteacta erat impia, ſuperſtitioſa, & ab Euangelij profeſsſone aliena, nunc

82 941 685 30 pium eſſe idem Buangeliũ, quod pridẽ hoſtiliter perſequebatur purè, fideliter, quã¬

81 962 689 31 uis cũ maximis moleſtijs & periculis docere. Pertinent huc, quæ ab codem referuntur

83 983 687 32 Act.22. 1.ad Corint. 15. ad Galath. 1.Siuerò ad uſum legis libet reſpicere, ideo quo a¬

81 1007 689 24 git Apoſtolus Deo gratias, quod lege rectè uti, hoc eſt, adduci per legẽ ad agnitionẽ

82 1027 689 27 peccatorum & pœnitentiã, item officia charitatis ſtenuè exequi, nemo niſi qui ſpeciali

82 1047 689 33 Dei gratia adiuuatur, poſsit. Diſcimus autẽ hoc loco, primûm, debere nos diligenter

82 1066 689 34 cõſiderare & agnoſcere, quæ quãta beneficia Deus à pueritia inde in nos cõtulerit.

84 1086 687 33 Dehinc, quomodo res ad agnitionẽ Euãgelij, præterea ad certum uitæ genus, in quo

84 1108 688 36 queamus ipſi placere nullis noſtris meritis præeuntibus aut ſequentibus, ſed per ſolã

84 1132 687 34 miſericordiã clemẽter uocarit. Prohis aũt omnibus Deo nos ſemper gratias agere o¬

83 1156 690 31 portet, quinetiãut in poſterum quo tempus eadẽ nos ſeruet ac prouehat, indeſinen

84 1177 595 28 ter precabimur. Si ingrati ſuerimus, Deus à nobis dona ſua iterum auferet.

766 353 77 38 1. Autoritas

765 379 77 30 muneris A¬

766 398 69 33 poſtolici à

765 419 75 29 Deo uocan¬

765 437 64 29 te pendet.

765 454 68 32 2 Pura do¬

766 476 76 29 ctrina dele¬

765 498 67 25 ge & eius

767 512 77 34 uſu in Euan

766 534 73 34 gelio cerni¬

761 560 34 25 tur.

765 573 17 35 3.

765 586 62 39 1.Petris.

764 609 80 33 Vocatio Pau

764 632 80 32 li diuina &

762 651 59 34 cœleſus.

110 1202 663 28 Qui me potentem reddidit.) Inſtituit agere gratias pro eo, quòd cõſtitutus ſit à Deo

83 1210 684 38 in miniſterio apoſtolico: præmittit autem hanc rationem ductam à Simili ſeu ab Effe

83 1234 684 36 ctu, ex quo ipſum à Deo poſitã in eo munere cognoſci queat. Certũ argumentũ me¬

83 1260 684 53 Apoſtolatus eſt, inquit, quõd Deus me potente reddiderit, & mirabilicer ſitperme te

773 1213 77 32 a Simili ſi¬

774 1236 65 36 ue ab effe¬

774 1255 25 43 du¬

607 1291 32 33 c

680 1288 93 36 Euangelij
