1000 1564
407.0 125.0 380.0 27.0 IN I. EPIST. D. PAVLI

165 168 63 24 rides ex d

165 181 65 52 qo peco.

162 202 38 28 tingil

166 233 64 21 1. Fides ne

162 242 64 33 ceſſara es

164 264 70 54 ait iaitr

164 285 56 34 cationem

162 493 67 24 2. Fides ne¬

159 505 65 72 cessaria est

162 525 64 56 post iustifi¬

162 550 57 39 cationen.

152.0 719.0 73.0 23.0 Fidei fruct'

152.0 737.0 72.0 26.0 in iuſtifica¬

152.0 758.0 68.0 28.0 tis debent

152.0 780.0 58.0 24.0 clucere.

157 854 60 28 Diſcrimen

153 871 67 30 ueræ & fa

153 894 51 27 ſe fidei.

155 968 65 21 Quomodo

153 984 66 24 fides & di

153 1000 72 30 lectio ſit pel

153 1021 60 28 Chriſtum,

148 1143 74 59 Cuſac

148 1156 68 46 udls fas

148 1175 71 64 L aQ

149 1197 68 45 ne.** Chr.

149 1216 21 28 ſto.

146 1235 53 55 tgens

239 148 690 26 Ergo lic in homine ſpectanda eſt fides, ut tamen ſollus Dei dono contingere, non

239 165 689 33 parari ſtudio uel induſtria humana intelligamus. Simulata & hypocritarum eſt fides,

239 187 689 30 quæ á Deo nõ inditur. Debet porrô hæc inuicta ac certa fides in hac breuitate uerbo¬

241 208 225 34 rum dupliciter conſiderari.

253.0 234.0 678.0 27.0 Primò, ut neceſſaria eſt ante iuſtificationem: quandoquidem fide abſque operi¬

239 246 687 34 bus homo iuſtificatur. Ad Roman.3. luſtitia Dei per fidem leſu Chriſti in omnes &

239 269 690 33 ſuper omnes qui credunt. Non enim eſt diſtinctio: omnes enim peccauerunt ac de¬

237.0 297.0 693.0 26.0 ſtituuntur gloria Dei: iuſtificantur autem gratis per illius gratiam, per redemptio¬

221.0 315.0 709.0 27.0 „ nem quæ eſt in Chriſto Ieſu, quem propoſuit Deus reconciliatorem per fidem, in¬

221.0 337.0 709.0 28.0 „ terueniente ipſius ſanguine, ad oſtenſionem iuſtitiæ ſuæ propter remiſsionem præte.

221.0 357.0 708.0 27.0 „ ritorum peccatorum. Ibidem. Arbitramur fide iuſtificari hominem abſque opcri¬

221.0 378.0 709.0 30.0 „ bus legis. Ad Galatas 2. Scimus non iuſtificari hominem ex operibus legis, niſi per

234.0 402.0 696.0 28.0 fidẽ leſu Chriſti: & nos in leſum Chriſtum credidimus, ut iuſtificaremur ex fide Chri¬

222.0 420.0 707.0 32.0 „ ſti, & non ex operibus legis. Ad Epheſ.2. Gratia eſtis ſeruati per fidem, id́ non exᛘ

234.0 445.0 693.0 26.0 uobis, Dei donum eſt, non ex operibus, ne quis glorietur. Etenim in negocio iuſti¬

233.0 465.0 629.0 32.0 ficationis fides ſola, quemadmodum Sancti Patres loqui ſolent, locum habet.

234 506 691 34 pore elucere debet adiuncta ei dilectio, proueniunt́ ex fide bona opera ſecundum

234 492 690 24 Secundõ, debet conſiderari fides, ut neceſſaria eſt etiam à iuſtificatione, quo tem¬

234 527 691 32 dilectionis regulam facta: qui enim iuſtificatus eſt, fidem non abijcit, neque in ipſo

234 550 691 32 minuitur, ſed potius per Spiritum ſanctum in iuſtificatione acceptum augetur, ideo

234 570 692 33 ſtudet per dilectionem bonis operibus abundare. Ad Galat.5. Nos ſpiritu ex fideſpẽ

219.0 592.0 708.0 30.0 „ iuſtitiæ expectamus. Nam in Chriſto leſune circumciſio quicquam valet, ne prę¬

218.0 615.0 708.0 30.0 „ putiũ, ſed fides per dilectionẽ operãs. ad Epheſ.3. Det uobis iuxta diuitias gloriæ ſuę,

217.0 637.0 710.0 30.0 » ut fortitudine corroboremini per ſpiritũ ſuũ in internũ hominẽ, ut inhabitet Chriſtus

219.0 657.0 707.0 31.0 „ ꝑ fidẽ in cordibus ueſtris, in charitate actis radicibus. ad Coloſ.1. Recõciliauit uos cor

221.0 681.0 705.0 28.0 „ pore carnis ſuæ per mortẽ, ut exhiberet uos ſanctos & irreprehenſibiles & inculpatos

233.0 701.0 693.0 27.0 in conpectu ſuo : Siquidẽ permanetis in fide fundati ac ſtabiles, nec dimouemini à ſpe

232.0 721.0 694.0 31.0 Euãgelij quod audiuiſtis. lacob.2. fides abſ operibus mortua eſt. Ita nã ubi aliqui fi

233.0 742.0 693.0 30.0 de abſ operibus fuerint ſemel iuſtificati, in his neceſſe eſt poſt iuſtificationẽ fructus

233.0 768.0 694.0 27.0 fidei, qui potiſsimũ conſiſtũt in operibus charitatis, perpetuô elucere. Etenim oẽs loci

231.0 788.0 695.0 30.0 ſcripturarũ, qui de fide ac dilectione, uel de fide & operibus coniunctim loquunt, ad

231.0 809.0 695.0 30.0 eos intelliguntur pertinere, qui iam ſunt fide iuſtificati, quemadmodum non obſcurè

230.0 832.0 348.0 27.0 docet Auguſtinus lib. de fide & operibus.

255.0 855.0 670.0 26.0 Quæ eſt per Chriſtũ Ieſum.) Addunt̃ hæc uerba ad diſcernendã uerã fidẽ uerã́ dile¬

233 866 691 34 ctione à ſalſa, ſimulata & hypocritica: Notũ nã eſt utrã ab hypocritis iactari uer¬

233 890 691 35 bis, nõnunquã etiã ſpecie quadã externa oſtẽtari. Verũ quãdo Deo, qui ſerutat corda,

230.0 916.0 696.0 28.0 nõ probant, inanes & emortuæ planè ſunt. Matth.7. Non omnis, qui dicit mihi, Domi

230.0 941.0 693.0 25.0 ne Dñe, intrabit in regnũ cœlorũ. Et paulò antè dictũ eſt de Charitate ex puro corde,

229 959 696 28 & cõſcientia bona, & fide nõ ſimulata, ꝓdeunte. Cæterùm tribus de cauſis dicunt, tã

229 978 695 30 fides, quã dilectio eſſe in Chriſto ſiue per Chriſtũ. Primò, ſi ſpectar̃ earũ cauſa efficiẽs

229 999 695 30 at origo, oportet uni Chriſto accepta feramus. Fides enim Dei donũ eſt, & propter

229 1019 695 34 Chriſtũ donat, ut paulo anté oſtẽdimus. Vera dilectio ebullit ex fide, & accẽdit in cor

229 1042 692 33 dibus per Spiritũ S.qui dat̃ in iuſtificatione. Secundò fides & dilectio in Chriſto ſunt,

231.0 1064.0 692.0 29.0 ratione cauſæ formalis, ſiue propter modum quo exercentur: In ueris Chriſtianis

232.0 1090.0 689.0 25.0 multò aliter ſeſe exerunt fructus utriuſque uirtutis, quàm in hypocritis & gentili¬

229.0 1106.0 694.0 33.0 bus: ſemper ſpirant in illis aliquid eximium & ſingulare, quod in alijs minimẽ

226 1128 694 31 deprehenditur. Hinc Chriſtus diſtinguit iuſtitiam Chriſtianorum à iuſtitia Pha¬

226 1150 693 32 riſæorum & ſeribarum: Matth. 5. Et Petrus in priori Epiſtola varias colligit cir¬

226 1170 694 34 cumſtantias, ex quibus diſcrimen notari vult inter actiones hominis Chriſtiani &

228 1193 692 32 non Chriſtiani. Capite ſecundo iubet propter Dominum, propter voluntatem

228 1214 691 33 Dei, propter conſcientiam Dei, tanquam ſeruos Dei, ſecundum gratiam Dei, pro gra¬

224 1235 696 31 tia apud Deum beneagere. Capite tertio: Sanctificate, inquit, Deum in cordibua

224 1257 695 55 veſtris: Sitis autem parati ſemper adreſpondendum cuſlſbet petenti, yt loquamini de

883.0 1285.0 37.0 47.0 a,

148.0 1040.0 75.0 28.0 4. Chriſtus

148.0 1060.0 77.0 28.0 eſt, proptes

149.0 1080.0 75.0 26.0 quem fides

149.0 1101.0 71.0 27.0 donatur à

148.0 1117.0 45.0 28.0 Deo.
