1000 1564
228 145 11 20 25

391.0 137.0 387.0 28.0 IN I. EPIST. D. PAVLI

226 162 700 26 Euangelij prædicatione operatus. Eſt autem eximia & ſingularſ potentia acuirtute o¬.

226 175 699 33 pus his, qui non modò in munere apoſtolico, uerum etiã in quacun functione eccle

226 199 696 28 ſiaſtica aliquid laude dignum & cũ fructu auditorũ efficient: de qua potentia Matth.7.

227 218 695 31 Marci1. Luc.4.Act.4. 1.Corinth.1.4. At hanc admirabilem potentiã in prædicatio¬

227 241 696 29 ne Apoſtolorum cum impij conſiderarent, permoti ſunt ad Euangelium ſuſcipiendũ.

227 262 697 29 Non poteſt aũt potentia hæc humana induſtria, arte, uel cõſilijs acquiri, ſed ſolius Dei

227 285 696 31 obtingit bonitate. Ideo Apoſtolus pro ea agit gratias Deo, ſimul pro certiſsima

226 305 698 29 nota ueri Apoſtolatus uult haberi. Quamobrẽ i.ad Corinth. 2. opponit eam humanæ

213 327 711 33 » ſapientiæ & arte contextis ſermonibus: Ego, inquit, non ueni ad uos cum eminentia

213 349 712 28 „ ſermonis aut ſapientiæ, ſed cũ oſtenſione ſpiritus ac potentię. Ac debent nõ Apoſtoli

230 367 691 35 modò, uerumetiã quicu miniſtri Eccleſiæ ſe pſidio huius ſpiritualis potẽtiæ in peri¬

228 390 693 34 culis & inſidijs, quę ꝑ malos homines ſtruunt, cõſolari & munire, nec unquã frangant̃

230 412 690 32 animo, aut in officio agãt negligẽtius. Mũdꝰ uerbo acminiſtris ueibi ppetuò inſultat,

228 433 695 31 ſed inuitis omnibus cõſiſtunt incolumes, quibus Deus ſpiritualẽ hãc addidit potẽtiã.

148 353 69 45 Confolaic

148.0 392.0 74.0 23.0 piorum ex

149.0 414.0 71.0 22.0 uocationis

148.0 432.0 76.0 27.0 certitudinc.

147 452 77 40 Cauſſa finc

148 482 74 30 lis uocatio¬

148 499 74 32 nis diuinæ.

251 466 673 21 Chriſto Ieſu.) Cauſa finalis potentiæ diuinitus concelſæ: ex qua limiliter iudiciu peti

229 475 692 35 debet ad diſcernendum ueros Apoſtolos & doctores à falſis. Datur nã potẽtia illa,

229 497 694 34 tum ut de Chriſto & beneficijs per eundem allatis quærant Apoſtoli teſtimoniũ, tum

227.0 521.0 697.0 29.0 quia ad Chriſti gloriã referri, tã ſermones  actiones Apoſtolorũ uniuerſę debẽt. Qui

230 538 694 38 hoc faciunt, meritò legitimi & à Deo miſsi miniſtri agnoſcuntur. E contrario aũt pſeu

226.0 565.0 699.0 29.0 doapoſtoli & perſonati doctores iudicabuntur, qui nõ prædicant Chriſtum purum

227.0 583.0 698.0 34.0 eius Euãgeliũ, ſed q̃ arbitrantur accepta fore hominibus: deinde nõ gloriã Chriſti, ſed

227.0 606.0 696.0 35.0 ſuã præcipuè quærunt, priuatisq; inhiant cõmodis: ad Rom.6.ad Galat.5.ad Philip3.

146 544 76 49 usdexer

148.0 569.0 44.0 34.0 Ra.

253.0 634.0 671.0 22.0 Qui ſide le me iudicauit ponendoin miniſlerium) Nunc declarat, quomodo expertus lit

227.0 649.0 697.0 30.0 in ſemetipſo uſum legis, prout lex ſeruit iuſtificatis. Deus, inquit, poſuit me in miniſte

227.0 671.0 696.0 32.0 riũ Apoſtolatus, reddidit etiam me potentẽ Chriſto, (ſunt aũt hæc hominis iuſtificati

227.0 689.0 697.0 36.0 ſigna) hinc porrò iudicabat & cõperit me fidelem in officio. Etenim fidelis à Deo eſt

226.0 714.0 696.0 29.0 iudicatus, quandoquidẽ cum Deus ſpiritu ſuo ipſum ornaſſet, potuit omni tempore

226.0 733.0 697.0 33.0 ad legitimũ finem præcepti intentus eſſe, & Charitatis officia, quæ ampliſsimũ ſuum

226.0 755.0 698.0 31.0 munus decebant, ex puro corde, & conſcientia bona, & fide non ſimulata præſtare.

227.0 779.0 697.0 31.0 Sunt́ hæc duo in uerbis Apoſtoli prudenter conſideranda: Alterum, quòd primo lo

229 796 694 35 co conſtituit Deum operantem in cordibus, largientem Spiritum Sanctum, redden¬

229 817 694 37 tẽ idoneos ad munus, cui ipſos deſtinauit: In eandem ſententiam 2. ad Corinth. cap.1.

229 840 695 33 ac 3.pluribus uerbis exponit Apoſtolus, quomodo Deus miniſtros Euãgelij idoneos

229 860 694 35 faciat. Alterum, quõd ſecundo loco dicit, ſe à Deo iudicatum fidelẽ. Nimirum cauſa

229 882 695 38 præcedere effectum neceſſario debet. Ne enim uocatus fuit Paulus ad Apoſtolatũ

229 903 695 38 & potens redditus, quiaiam fuerat fidelis, (quî nam probari eius fides potuiſſet,

228.0 929.0 697.0 30.0 antequã in munere eſſet conſtitutus?) Sed ideo potius fidelis eſt ludicatus, quia à Do

229 946 696 35 mino in miniſterio erat poſitus & factus idoneus: Electio at uocatio præcedit, fides

229 970 696 34 ſequitur. 1.ad Corinth.4. Sicnos æſtimet homo, ut miniſtros Chriſti & diſpenſatores

226 990 697 37 myſteriorum Dei. Quod ſupereſt autem, illud requiritur, in diſpenſatoribus, ut fidus,

208 1012 717 30 » (πiσos) aliquis reperiatur. Hac autem ratione perſpicuè demonſtratur, quòd aliquis

229 1030 696 37 fidelis ſit in ſuo miniſterio, non ferri acceptum legi, ſed ipſi Deo & Spiritui à Deg ac¬

228.0 1058.0 698.0 29.0 cepto: lege nihilominus admoneri pios, tanquam ſcripta tabella memoriæ cauſſa

229.0 1077.0 697.0 32.0 ante oculos poſita, ut diligẽtes ſint. Ita appoſitè uſus legis in iuſtificatis hîc traditur.

229 1100 696 33 Non enimut benè faciant, habent à lege, ſed à Deo eiusq ſpiritu: eſt tamen lex vice

229 1119 696 33 monitoris, qui ſuo modo ad officium vnumquem excitat. Atque ita pariter Deg tri¬

228 1140 697 33 buitur ſua gloria, & legis dignitas ſalua retinetur. Cæterùm vt hæc & proxime ſequen

230.0 1164.0 695.0 30.0 tia verba ſentiam explicanda de vſu legis & propria ipſius Apoſtoli experientia, qua¬

230.0 1187.0 696.0 27.0 tuor me mouẽt rationes. Prima, ſi, quæ Paulus hîc de ſe ſubijcit, hoc modo exponan¬

230.0 1204.0 696.0 35.0 tur, optimè cohærẽt & conſentiunt cũ ijs, quæ de lege hactenus dicta ſunt: Si aũt aliter

229 1227 695 34 interpretemur, nõ perinde cohærent. Semper aũt debemus prudenter diſpicere, quo¬

227.0 1249.0 700.0 33.0 modo ſentẽtiæ in quocũ ſcripto ſint innicẽ colligatæ. Ac Paulus, ſi quis alius, in con

227.0 1268.0 700.0 49.0 nectẽdis ſuis ſentẽtijs at orationis partibus mirus eſt artifex. Secunda:cõſuetudo eſt

146 793 76 42 Solu Dei

147 826 75 27 eſt aptos &

147 844 75 30 idoneos red

146 862 76 30 dere ad mus

146 881 76 28 nus diuinin

146 901 76 34 capeſcendĩ

147 951 73 34 Electio &

146 972 79 31 uocatio fidi

147 991 66 30 pracedit.

146 1024 79 39 Lex tabeil,

146.0 1060.0 72.0 27.0 memoriæ.

147 1096 70 35 Pijut bene

146 1119 71 30 faciant nor

146 1139 76 30 habent à le

148.0 1161.0 76.0 29.0 ge ſed à deo.

148.0 1184.0 72.0 24.0 Conſtat ta

147.0 1199.0 79.0 28.0 men legi ni¬

148.0 1222.0 71.0 22.0 hilominus

146 1236 76 41 Iu dignitas

836 1298 90 38 Apoſtoli,
