1000 1564
233 131 407 27 AD TIMOTHEVM CAP. I.

765 150 13 1 19

92 159 682 20 fam expoſito aberraſſe, licut ſagittantes, qui aberrãt a ſcopo ſiue albo. Nam ἀςοχέν eſt

96 175 682 27 à ſcopo aberrare, quod qui apud ſagittandi peritos, præſertim in ludis publicis facit,

95 196 685 24 ab omnibus irridetur & ignominia quodammodo afficitur. Conuenit autẽ reprehen¬

95 214 685 31 ſionem hanc in duo diſtinguere mẽbra: quorum altero denotatur, quomodo in mate¬

93 234 681 33 ria & reipſa doctrinæ aduerſarij ſint lapſi: altero verò perſtringuntur perſonæ, earun

96 255 678 31 dem vitia, at eadem opera tum cauſa quædã erroris, tũ etiam pœna, qua iuſto Des

97 276 677 32 iudicio tales afuiciuntur, breuiſsimè attingitur. Lapſi ſunt in materia & re ipſa doctré

97 298 676 31 næ de lege: quonſã, vbi debuiſſent inculcare hãc eſſe à Deo, vt diſceremus ex ipſa offi

98 325 678 23 cia charitatis in Deum & proximũ, & ſciremus hæc ex puro corde, & conſcientia bo¬

96 344 684 27 na & fide nõ ſimulata exercenda: auſi ſunt longè diuerſa tradere, nempe legẽ eſſe da¬

96 366 682 25 iam, vt per eã conſequeremur iuſtitiã coram Deo: qua in re Chriſto magnã inferũt in¬

95 385 683 30 iuriam, dum iuſtificationis, ſanctificationis, ac redemptionis noſtræ ius illi adimunt.

96 404 683 30 I.ad Corinth.1. ac legi falsò idem tribuunt. Deinde legis impletionem ſtatuerunt con¬

94 427 686 29 ſiſtere in qualicun externorum operum obſeruatione, etiãſi ne ad charitatẽ opera

94 451 686 27 illa dirigerentur, ne ex puro corde, cõſcientia bona, & fide nõ ſimulata prouenirẽt:

95 473 684 27 quæ à & Nazaræis & Phariſæis inculcata fuiſſe conſtat. Qui igitur adeo turpiter à ve¬

94 494 685 25 ritate aberrauerunt, nónne rectè dicentur ad vaniloquium deflexiſſe, eos́ vitandos

93 513 685 30 ſuadebimus ?̧Admonemur proinde, ut ſupra quo diximus, diligenter expendere,

94 536 686 30 in quacun doctrina propoſita, ipſam materiam ſiue rem, ac videre, quid & quouſ

93 556 685 32 ſynceriter explanatur. Porrò vbi perſtringit, ſtatim cauſam quandã lapſus monſtrat,

96 577 678 31 dicens: velle eos eſſe legís doctores. Ambitio ſiue faſtus, & coniuncta his malitia, ma¬

97 601 683 27 lorum omnium cauſa ſunt in eccleſiis, at hi ante alios ruunt in errores, qui eiuſmodi

96 621 683 30 vitijs laborant. Significanter autem ait, velle eſſe doctores legis, ſubindicãs nimirum,

94 642 686 32 non per ignorantiam eſſe lapſos: quo nomine excuſari vrcun poſſent: ſed ſcientes

93 659 687 32 volentes́, aut temerè erupiſſe ad munus docendi, ad quod non erãt idonei, aut, ſiido

92 681 687 31 nei fuerunt, ſtudio tamen corrupiſſe doctrinã, & voluiſſe alujs rationibus, quàm dece¬

91 704 689 32 bat, legẽ commendare: Vtrum verò iuxtà culpandum. Cæterùm pœna ambitionis

92 725 686 36 & malitiæ ſubijcitur, cũ aſſerit Apoſtolus, eos ita eſſe excæcatos, vt, quibus de rebus,

93 745 687 34 & quid aſſeuerent, ipſi non intelligant. Etenim tradit Deus impios doctores, præſer¬

91 769 688 29 tim qui non ignorantia, ſed per malitiam peccant, in ſenſum reprobum, vt amẽtia eo¬

91 791 687 30 rũ tandẽ nota fiat omnibus hominibus: ad Rom.i. 1.ad Corinth.2.3. & 2.ad Timoth.3.

91 809 687 32 Ex his aũt oẽs diſcimus, religiosé & cũ timore cõſiderandũ eſſe admirabile iudicium

92 830 684 38 Dei, quod in ijs puniendis exercet: qui agnitã veritatẽ aut callidè corrũpunt, aut aper¬

91 854 685 34 tè abnegãt. Quicũ ſcientes volentesq́ à ſana aberrãt doctrina, hos neceſſe eſt vanilo

92 874 684 35 quijs eſſe intentos, excæcari ac tandem pudefieri. Exempla nõ tantûm ætas Moſis in

93 894 682 34 Ianne & lambre, vel ætas Pauli Apoſtoli, in ijs de quibus mentionẽ facit in his epiſto¬

93 920 682 32 lis: uerum etiã noſtra hæc ætas permulta uiſenda exhibet. Præ cæteris uerò admonen

92 936 684 35 tur eruditi, & qui uel in Scholis, uel in eccleſiis uerſantur in docendi munere, ut uerita

92 960 683 32 ti ſemel agnitæ cõſtãter adhæreant, quo id poſsint, Patrẽ cœleſtẽ ſine intermiſsione

91 984 682 33 orent. Intereſt uerò & eccleſiarũ, dũ paſtores ſiue doctores eligunt, & Epiſcoporũ,

91 1004 682 32 dum ad eccleſias id poſtulantes mittunt aliquos: ſapienter prouidere, quales promo¬

89 1027 685 30 ueant: maximoperè cauendũ, ne inflati ac tumidi præficiantur, utpote qui tàm doctri¬

87 1043 680 37 na,  actionibus offendicula præbere ſoleant. Doctrina quidẽ, quia plus eruditionis

87 1064 680 39 ſibi uendicãt, quam reuera habent: Vnde fit, ut aſſeuerare audeant, quæ ipſi nõ intellé

89 1088 678 35 gunt. Actionibus uerò, quia, dũ cæteris præſtantiores haberi ambiunt, mox alios con

87 1106 684 42 temnunt, in eoſdẽ affectant imperiũ, & quo iſtud aſſequãtur, tragœdias mouere nihi

87 1131 684 35 uerentur. Nulla peſtis exitiũ adfert eccleſiis maius, q; ſi hæ cõmittuntur hominibus ar

86 1152 685 37 rogãtib. qui ſe peritiores putãt, q ſunt: aut, ſi docti ſint, ad oſtẽtationẽ tamẽ, ad quęſtũ,

88 1173 683 39 ad corruptelã ueritatis, intellectu, ingenio, & adiũctis donis abutũtur. Hucuſ aũt tra

90 1198 684 32 dit uſum legis Apoſtolus, quatenus ipſa ſeruit iuſtificatis: ſicut mox ſubijcit uſum eius

89 1212 678 43 ut ſeruit nõ iuſtificatis. Etenim quẽadmodũ uniuerſum genꝰ humanũ rectè diuiditur

89 1236 678 41 in duo genera, nẽpe pios ſiue iuſtificatos, & impios ſiue nõ iuſtificatos: lta duplicẽ qq

88 1257 679 63 uſum ſiue ſine legis Â poſtolus explanat Prioreſt,ut qnfidẽ iuſti ſunt, diſcãt ex ea, que

783 140 76 42 ετπωqdε

787 213 72 52 vplæ pa

786 254 71 26 atum bypo

787 272 66 30 ritarum ſi¬

786 290 69 41 ciſtniert

783 308 35 46 ran.

784 574 59 48 maiiæe

771 1038 75 39 Duplexof.

771 1068 73 29 fendiculum

773 1086 78 27 impiorũ do¬

772 1106 54 27 ctorum.

775 1119 75 42 L In doctri¬

775 1144 21 30 na.

775 1158 69 41 R In adio¬

775 1183 39 31 nibus.

774 1217 79 36 Duo genera

773 1243 66 27 hominum.

771 1261 81 33 Duplexuſus

773 1281 37 43 lei.

636 1294 77 27 b 4

731 1291 36 47 Iin
