1000 1564
233 142 14 23 58

392 137 88 28 IN I.

481 135 305 30 EPIST: D. PAVLI

144 559 80 28 agradus cor

146 579 67 29 rectionis.

155 601 67 27 Quomodo

146 620 75 28 quis trada

145 642 77 24 tur Satanæ.

143 658 77 30 Locus Mat

146 680 59 36 th.18.

143 727 64 51 RCortart

143 890 77 32 1. peccata o

142 909 78 32 cuſta & ma

143 934 67 28 nifeſta.

142 944 82 36 2'Adnoniuie

142 972 64 26 priuata.

143 995 74 24 3. Charitas,

144 1015 79 24 inſtitutio mo

142 1029 80 33 deſtia, opon

142 1049 80 30 tunitas, prut

143 1070 79 30 dentia hoc il

142 1090 80 30 negotiore¬

143 1107 79 32 quiritur.

140 1128 82 30 4. Peccat

143 1146 79 32 occulta ſun

143 1166 79 35 celanda fra¬

144 1189 36 35 tri.

142 1212 80 47 2Miuiſbric

142 1244 80 31 cleſiæɇ officis

142 1265 80 33 in corrigen

143 1287 73 41 us lapſis.

226 176 696 29 res in ſcripturis recenſentur. 1.ad Corinth.5. Qui cum vxore patris, hoc eſt, cum nouer¬

226 152 697 30 nathemata. Cęterùm manifeſta flagitia latius patent, & qui ob ea tradũtur Satanę plu

226 200 695 25 ca conſueuerat. Vbi mox adijciuntur, ſcortatores, auari, ſimulachrorum cultores, con¬

226 220 696 27 uiciatores, ebrioſi, rapaces. Repetuntur eadem.1.ad Corinth.6.ad Galat.5. vbi de o¬

226 239 696 33 peribus carnis agitur. Ad Epheſ.5. Item 2. ad Theſſalon.3. nominantur qui no¬

227 263 696 28 lunt operari & inordinatè ambulant. De his omnibus diſertè dicitur, quòd pij nõ de¬

226 287 698 25 beant ipſis commiſceri, imô ne cibum quidem cum illis capere, quin potius eoſdẽ ex

226 304 696 28 ſuo grege profligabunt. Porro generaliter dictum eſt à Chriſto Matth.18. Quòd ſi ec¬

226 329 696 25 cleſiã non audierit ſit ille velut ethnicus & publicanus. Similiter generale eſt illud Pau

225 349 697 30 li.1.ad Corinth.16. Si quis non diligit Dominum leſum Chriſtum, ſit anathema, marana

226 370 696 27 tha. ltem 2.ad Theſſal.3. particula illa, inordinatè ambulantes, generaliter accipi poteſt Li

226 390 695 29 buit horum locorũ ſeparatim meminiſſe, vt animaduertat vnuſquiſ, ſub his plura cõ

226 411 696 34 prehendi peccata, quàm in locis antecedentibus exprimebantur. Ac fieri poteſt, vt

226 433 695 30 quis initio ob peccatũ nõ adeò grande moneat ab eccleſia: ſi tamen cõtingit eũ admo

226 456 695 29 nitionẽ aliquoties factã cõtemnere aut etiã ludibrio habere, ſatis ſignificat is, ſe eccle¬

226 481 695 25 ſiam audire nolle, & Chriſtum eccleſiæ caput non diligere: quamobrem meritõ ſeue¬

226 497 696 35 riore diſciplina, hoc eſt, excommunicatione coërcebitur. Hucusq ex ſcripturis de cau

226 523 458 27 ſis, ob quas tradere aliquos Satanæ eccleſia iure poteſt.

246 538 675 33 Nunc videamus, qua via ad tradendum aliquem Satanæ ſiue ad excommunicandũ

229 561 690 34 progreſſus fiat. Duo ſunt in ſcripturis loci, qui præ cæteris de hacre clarius loquuntur:

227 583 693 30 Alter eſt ipſius Chriſti Matth.18. vbi, poſtquã verba fecit de remouendis offendiculis,

230 607 691 31 & reducendis ad ouile perditis ouibus, ita ad Petrum ait: Si peccauerit in te frater tu¬

229 626 693 35 us, vade & argue ipſum inter te & ipſum ſolum: Si te audierit, lucratus es fratrẽ tuũ: ſin

226 646 694 34 verò te non audierit, adhibe tecũ adhuc vnũ aut duos, vt in ore duorũ aut triũ teſtiũ cõ

222 671 699 30 ſiſtat omne verbum: quòd ſi non audierſt eos, dic eccleſiæ: quòd ſi eccleſiam non

209 695 711 28 „ audierſt, ſit tibi velut ethnicus & publicanus. Amen dico vobis quæcunque alligaue

209 714 711 32 * ritis ſuper terram, erunt ligata in cœlo: & quæcunque ſolueritis ſuper terram erunt

229 733 691 37 ſoluta in cœlo. Alter locus eſt Apoſtoli 1. ad Corinth.5. lam decreui tanquam

210 759 711 28 „ præſens, vt is qui hoc ſic patrauit, in nomine Domini noſtii leſu Chriſti congregatis

208 778 712 32 „ vobis & meo ſpiritu, vnã cum poteſtate Domini noſti leſu Chriſti, tradatur Satanæ,

210 798 711 35 · ad interitum carnis, quo Spiritus ſaluus ſit in die Domini leſu. Expendamus quænam

225 823 697 30 ordine hîc dicantur: ſiquidem Chriſtus gradus quoſdam, qui ad exercendũ grauiſsi¬

224 844 698 30 mum hoc iudiciũ pertinent, cõſtituit. Primo gradu loquitur de peccato, quod, qui fra

224 867 699 29 ter appellatur, in fratrem committit, de́ eiuſdem priuata correptione. Sunt verò hæc

225 884 698 36 obſeruãda. Primò diſtinguunt peccata vt alla ſint occulta alia manifeſta: vtri generi

225 907 696 34 quomodo remedium adhiberi debeat, Chriſtus pręſcribit. Ac de occultis primo loco

225 926 694 35 agif. Occulta verò appellant, quæ vni tãtùm vel duob. ſunt cognita, vel etiam aliquot

229 946 695 41 alujs, nondũ tamẽ publicata & quàm plurimis ſiue omnib. manifeſtata. Secundõ: quòd

226 974 698 33 ſi proinde frater ita peccauit, vt tu ſolus ſis conſcius: ſatis erit, ſi ſolus et priuatim eum

228 996 696 31 cõmonefacias, vt reſipiſcere uelit. Tertiò: cum Chriſtus dicat de hoc officio, te debere

228 1015 693 36 fratrem lucrari, ita nimirum, ut perficias, quo peccatum ſuum agnoſcat, deſiſtat ab eo¬

228 1036 693 36 dem, ac uitam libenter emendæ: perſpicuũ hinc fit, ſummã charitatem, fidelem ex uer¬

228 1058 693 36 bo Dei inſtitutionem, modeſtiam, oportunitatem, prudentiam, in toto hoc negocio

228 1077 693 41 requiri. Quartò: Neceſſe eſt, peccatum tibi ſoli notum diligenter celes. Nam, ſi euul¬

228 1101 693 39 gaueris, primo charitatem, modeſtiam, prudentiam, cætera́, de quibus dictum eſt,

228 1120 693 38 exuis, ac teſtaris te potius eſſe inimicum proditorem, quàm amicum monitorem. Se¬

228 1143 696 36 cundò, lædis, perturbas, & exacerbas eum, qui lapſus eſt, ſentitqúe pro remedio ſibi

228 1161 696 41 infligi uulnus. Tertiò: alijs fratribus infirmis & ignorantibus præbes offendiculi

223 1192 702 31 materiam & occaſionem. Quartò: futurum eſt, ut temporis progreſſu peccatum

226 1208 698 35 alterius etiam ſine teinnoteſcat: Deus non patitur crimina manêre occulta: Dies os

226 1230 695 35 mnia reuelat. Quintò quod de unoquoque homine priuato hîc dicimus, accipietur

226 1251 697 37 etiam de miniſtro eccleſiæ, qui criminis occulti, ab aliquo perpetrati, ſiue quia ipſe ui¬

226 1270 697 62 dit, ſiue quia unus altérue patefecit, ſiue ipſe reus uluo eſt faſſus, conſcius ſuerite

878 1297 45 29 Hic
