1000 1564
88.0 151.0 700.0 25.0 ea, quæ in vobis elt, ſpe, cum manſuetudine & reuerentia, conſcientiam habentes bo¬ ‟

88.0 165.0 702.0 33.0 nam, vt in hoc quòd vobis detrahunt tanquam ſceleroſis, pudefiant hi, qui inceſſunt ‟

89.0 189.0 701.0 31.0 veſtram bonam in Chriſto conuerſationem. Item: bona conſcientia bene reſpon¬ ‟

89.0 209.0 684.0 33.0 deat apud Deum. Capite quarto, charitatem credentium vult eſle vehementem

90.0 229.0 683.0 36.0 & eximiam, vult vnumquemque agere ſecundum dona accepta à Deo, vult ea

89.0 251.0 684.0 33.0 um, qui loquitur, loqui, vt eloquia Dei: vult eum, qui miniſtrat, miniſtrare tan¬

91.0 274.0 682.0 35.0 quam ex virtute, quam ſuppeditat Deus, id́, vt in omnibus glorificetur Deus per

91.0 291.0 136.0 30.0 Ieſum Chriſtum.

226.0 130.0 400.0 28.0 AD TIMOTHEVM CAP. I.

110 319 654 30 T'ertio, ſunt fides & dilectio in Chriſto, ratione cauſæ finalis: Sempernam inteni

88 331 676 39 tæ ſunt ad celebrandam apud omnes, etiam hoſtes, gloriam Dei.1. ad Corinth.10.

91.0 358.0 674.0 35.0 Omnia in gloriam Dei facite. Arque operibus bonis vacare nos oportet, vt glo,

86 375 678 36 rificetur Deus: Marth. 5. ad Philip.L.1. Petri 4. Ac ſancti Patres diligentes fue¬

84 398 680 39 runt in demonſtrando diſcrimine inter virtutes bonas́ actiones Chriſtianorum &

87.0 419.0 681.0 40.0 virtutes gentilium & quorumcunque incredulorum. Vide Tertulian. Apolog.

87.0 441.0 683.0 36.0 capite 25. Origenem contra Celſum, Auguſtinum contra lulianum libro quarto:

86.0 461.0 684.0 38.0 libro de ciuitate Dei 19. capite 25. Dignum autem eſt obſeruatu, quòd Apoſto¬

86.0 484.0 684.0 39.0 lus tàm paucis ſummam doctrinæ Euangelij expreſsit. Sunt́ hi loci, in quibus

84.0 509.0 685.0 34.0 breuiter comprehenduntur capita vniuerlæ doctrinæ Chriſtianæ, tàm de lege quàm

85.0 528.0 682.0 38.0 de Euangelio, notandi ac ſeligendi. Nam ſæpè occurrunt in nouo teſtamento,

85.0 551.0 683.0 31.0 frequentiſsimè verò in Paulinis Epiſtolis. Studioſi adoleſcentes excerptos in li¬

85.0 569.0 683.0 39.0 bellis, in chartis, ſlue tabulis ac parietibus meritò ſæpius deſcriberent: Imò pu¬

86.0 590.0 681.0 37.0 blice in eccleſijs in loco digniori deberent exarari. Aequum autem eſt, aſsiduë

86.0 615.0 681.0 34.0 inculcari in eccleſijs doctrinam de iuſtificatione per fidem abſ operibus, cum glo¬

85.0 633.0 682.0 36.0 riam Dei vehementer commendet, & ad illuſtrandam illius bonitatem ac poten¬

85.0 656.0 684.0 35.0 tiam, rurſum́ ad detegendam noſtram infirmitatem, indignitatem, & bonorum

84.0 679.0 685.0 36.0 operum, momentum magnum magnum adferat: ldcirco etiam paulò poſt gloria

82.0 696.0 685.0 39.0 Dei immortalis & inuiſibilis ab Apoſtolo prædicatur. Conſimile eſt iudicium de

82.0 716.0 684.0 39.0 fide ac dilectione, bonis́ operibus, quæ requiruntur coniuncta in iuſtificatis. At

82.0 740.0 685.0 35.0 intereſt piorum ſeipſos imô & alios perpetuò excitare, vt bonis operibus in¬

83.0 761.0 683.0 36.0 tenti ſint, atque ita ſuam fidem ac iuſtificationem, dehinc fidem cum charitate

82.0 781.0 684.0 42.0 à iuſtificatione declarent. Viua, efficax, & operans eſſe debet fides per fru¬

82.0 803.0 125.0 31.0 ctus charitatis.

102.0 832.0 666.0 32.0 Certus ſermo & dignus quem modis omnibus amplectamur :) Priuſquàm abſoluat

80.0 845.0 687.0 40.0 ſummam doctrinæ Euangelij, interponit autoritate apoſtolica & magno affectu

80 866 682 41 paucaverba, quæ certitudinem ac dígnitatem eiuſdem doctrinæ mirificè commen

82 888 680 41 dant. Adduntur autem quadam præoccupatione. Nam cum Apoſtolus in tanta

83.0 911.0 682.0 42.0 breuitate nullas admiſceat probationes ex ſcripturis, facilè aliquis reijceret omnia,

83.0 931.0 684.0 39.0 & cauſaretur ſcripturarum teſtimonia deeſſe. Verùm Apoſtolo, & quidem ſcribens

81.0 951.0 686.0 44.0 ti ad Timotheum iſtarum rerum iam egregié peritum, ſatis eſt hoc pacto duobus

81.0 976.0 684.0 37.0 verbis, Euangelij cùm certitudinem tum excellentiam aſſerere. Quo pacto iterum

80.0 994.0 685.0 41.0 præſentis Epiſtolæ cap33. & 2.ad Timoth2.ad Titum3. eadem aſſeuerationis formu¬

79.0 1019.0 685.0 36.0 la vtitur, nec puto alibi eum id facere. Etiamſi protinus ſubijciet probationem admo¬

80.0 1039.0 683.0 38.0 dum efficacem, ſumptam videlicet ab experientia ſiue de exemplo ſuæ perſonæ. La¬

78.0 1059.0 686.0 42.0 tenter tamen ſuggerit Apoſtolus his paucis verbis non Timotheo modò, verûm etiã

78.0 1080.0 683.0 43.0 cuicun Chriſtiano recordationem omnium locorum, quibus hæc doctrina de Euã¬

79.0 1105.0 681.0 35.0 gelio in ſcripturis comprobatur. Nam ad ſcripturas potiſsimùm remittit audito¬

78.0 1126.0 682.0 36.0 res: Et qui agnoſcunt conceduntqúe Chriſtianis doctrinæ ſuę principia, hoc eſt, ſa¬

78.0 1148.0 682.0 39.0 cram ſcripturam, ſufficit huiuſmodi aſſeueratio per Apoſtolum facta. Sciunt

79 1166 679 43 namque de ſcripturis aperta haberi omnium dogmatum firmamenta. Si qui autem

78.0 1187.0 677.0 42.0 principia ſcripturarum Chriſtianis non concedunt, his nullę rationes ſufficient neque

80.0 1211.0 676.0 39.0 conueniet cum eis diſputare. Non eſt aũt operæ pretium, hic per nos repeti locos ſeri,

76 1230 682 42 pturæ, quib. doctrina de gratia, fide, & dilectione per leſum Chriſtũ, itẽ Chriſti aduen

78 1248 680 64 tu in camne, vt peccatores ſaluos feceret, cõfirmat Si quide ab initio mundipromiſaio:

628 1290 78 42 d 4

715 1292 44 31 nes

771 318 77 65 3. Causa

771 332 68 55 finalis fi¬

770 354 78 29 dei & dile¬

773 375 58 72 ctionis in

770 392 76 58 Christu glo¬

771 413 51 31 ria Dei.

767 883 73 31 Præoccupa¬

769 901 18 28 tio.

767 1174 56 27 Doctrinæ

766 1188 65 35 Chriſtiane

760 1210 75 85 principia ex

762 1231 75 68 scriptura sa¬

761 1252 74 47 cra deriuanᛘ

764 1272 18 65 da.

750 142 17 22 43
