1000 1564
220 132 13 20 4

378 129 382 28 IN I. EPIST. D. PAVLI

139 126 74 42 Peudoapo¬

138 156 78 36 ſtolorum de

139 179 77 32 gmata faſe

141 202 75 25 quia ſpiritũ

141 223 77 25 ueritatis nõ

141 240 76 31 ſequũtur di

141 264 44 20 cem.

221 148 690 33 Moſen Dei digito lata ac ſcripta eſſet, plus fiduciæ collocandum,  Pauli apoſtatę do

221 161 690 43 ctrinæ fidendũ. Vtũtur prophetæ Dei eodẽ exordij genere, ad cauſæ ſuæ & doctrinę

221 183 691 42 perſonę́, quã ſanè gerunt diuinã, cõmendationẽ, vbi omnẽ vocationis, reuelationis,

222 209 691 38 doctrinæ, & factorũ rationẽ, principiũ, & finẽ ad Deũ ſummũ ſuum principẽ regem

224 231 688 35 referũt. Legatos ita Dei Prophetas & Apoſtolos eſſe meminerimus, qui, vt à Deo

222 254 690 33 miſsi ſunt & ad functionẽ tã præclarã ſegregati, ita audiri hoſce Dei loco oportet: ſin

222 273 688 35 quis repudiarit, filiũ Dei & Deum patrem is reiecerit. Lucæ 1o. Sic non minus Apo¬

222 294 689 38 ſtolus peccaſſet, ſi vocem Dei & filij eius Ieſu Chriſti vocantis ipſum audire recu¬

222 314 688 41 ſaſſet: vel ſi etiam non vocatus cucurriſſet: de vtro vide lerem.23. Amos3. Exod.3.4.

222 334 135 32 Ierem. 1. Ionæ1.

139 276 76 32 Pſeudoapo

139 295 76 34 ſtolorum d

144 320 52 25 lus.

139 327 78 39 Difgime u

139 358 83 23 ror. et falſo¬

139 374 80 30 rũ doctorũ,

143 396 52 26 Act.9.

242 361 673 33 Dei ſeruatoris noſtri:) Accedit hinc dignitas muneri apoſtolico Diui Pauli, ꝙ tàm pe

221 377 692 38 tris,  filij mãdato at imperio iſtud ſuſceperit. Hæcaũt nõ propter Timotheum, qui

222 404 691 34 ſine dubio probè nouerat officiũ, dignitatẽ, fidẽ, diligentiã Apoſtoli: ſed tum propter

223 426 689 36 illos; apud quos eccleſiæ erãt ordinãdæ, in quibus ſemper aliqui inueniuntur vel ſapi¬

224 445 687 35 entes, iuxta mundũ, homines, vel maligni, qui reſiſtunt & quibuſcun modis conãtur

224 465 688 35 impedire rectã ordinationẽ, tũ propter eos, qui cũ Timotheo erãt in gubernatione ec

224 487 688 33 cleſiaſtica in tẽpus poſterũ ſucceſſuri, & ſimiles labores pro ordinãdis eccleſiis ſubire

222 510 689 32 debent. Etenim pariter qui præſunt eccleſiis, & qui ſubſunt in eccleſiis, habẽt in hac e¬

222 530 689 33 piſtola, quod amplectãtur & tutò ſequãtur. Et ſi cõſiderãt, qualia Apoſtolus hîc pro¬

221 553 690 34 ponat, & qũo omnia ei mandata fuerint à Deo Patre & filio, his cõtenti erunt. Quod ſi

221 577 691 30 aliqui præpoſtero z elo vel malitia excæcati cõfidunt, poſſe ſalubriora aliqua induci in

220 596 693 34 eccleſias,  quæ noui teſtamẽti libris ſacris, maximè verò ſcriptis Apoſtoli Pauli ſunt

222 618 690 31 explicata, certè hi vehementer falluntur, & ſe nõ Paulo tantùm, ſed Deo etiã patri ipſi

223 637 687 35 & Dño leſu Chriſto temerario auſuopponunt. Cæterûm Deum patrẽ ſeruatorẽ

222 659 688 33 hoc loco vocat, quod nomẽ licet vſitato more ſcripturæ Chriſto filio attribuatur, re¬

222 681 688 34 ctè tamen & patri aſsignari poteſt, quia opera Trinitatis ad extra, vt vocant, ſunt indi

221 702 689 30 uiſa, & perſonarũ æqualis eſt poteſtas: Nã & ipſe pater ſeruat nos per filium & pro¬

220 728 689 28 pter filium ſuũ, & in filio. Sic Epheſ.1. Elegit nos, inquit, in ipſo, ante iacerentur fun¬

219 749 689 30 damẽta mundi: prædeſtinauit nos, ut adoptaret in filios per leſum Chriſtũ. Et, Nemo

217 771 476 25 poteſt venire ad Chriſtum, niſi pater traxerit eum. lohan.6.

142 426 76 18 Digmitas mi

142 437 77 24 neris apoſto

143 452 73 31 ticià peie

140 471 76 33 filij eius pe

139 493 77 29 ſona peten¬

141 516 54 28 da est.

141 597 76 19 Deus pater,

141 610 76 28 Seruator di¬

142 631 73 26 citur, quia

141 651 76 28 ſeruat credé

140 672 78 27 tes in per, et

139 688 74 31 propter fi¬

140 711 46 31 lin.

241 795 671 26 Et Domini Ieſu Christi.) Nam quod à patre conſtitutum eſt, idem conſtituitur & per

217 812 693 30 filium. lohan.5.pater meus ad hoc vſ tempus operatur, & ego operor. Ibid. Pater o¬

217 832 690 29 mne ſudicium dedit filio, vt oẽs honorent filium, ſicut honorant patrem. Et Chriſtus

217 853 689 30 Actor.9. ad Ananiam, Organon electum eſt mibi iſte, vt portet nomen meum corã

218 874 690 37 gentibus & regibus acfilijs Iſrael. De poteſtate & dominio Chriſti lege Pſal.2.8.72.

216 896 226 28 ño.Matth.28.lohan.2..&c.

136 913 81 39 Scopus mint

135 939 81 35 ſtrorum De

139 960 77 33 & ecdeſie,

138 982 78 29 eſt Dei glo¬

138 1000 78 30 ria & eccle

135 1019 81 30 ſiæ utilitas.

242 924 664 26 Qui eſtſpes noſtra.) Additur hoc propter molem & difficultatem negociorum, itẽ

221 939 686 31 pericula, quæ, cum ordinantur eccleſiæ, occurrunt. Infinita pericula & impedimenta

221 961 683 32 experiuntur hi, qui laborant in ordinandis eccleſiis: ſed quando nihil aliud quærunt,

221 980 685 32 quàm gloriam Dei, & earum vtilitatem, at ſpem ſuam in Chriſtũ caput eccleſię reij¬

221 1000 686 34 ciunt, ſentiunt auxilia & mirabiles præter omnium opinionem ſucceſſus. Nituntur au

221 1024 687 34 tem hac ſpe ſiue fiducia, quòd Deus per Chriſtum faciet ipſos idoneos miniſtros noui

222 1046 685 34 teſtamenti, 2. Corinth.3. quòd cum ipſi plantant, rigant, uel aliud quippiam faci¬

221 1068 683 32 unt, Deus dare uelit incrementum, 1. Corinth.3. Dicitur autem Chriſtus ſpes noſtra

221 1089 685 31 per Metalepſimquoniam in illo, qui poſt mortem ſuam & extremam deiectionem, re¬

216 1113 692 30 ſurrexit, omnem inſuper accepit à Deo Patre poteſtatem in cœlo & in terra, deni

217 1129 689 37 ad cœlos aſcendit, ubi ampliſsima fruitur gloria: propoſitum eſt certum exemplum,

219 1154 684 32 cùm pijs omnibus, tum his præcipuè, qui fideliter laborant in eccleſia: quòd quamli¬

219 1171 685 37 bet grauia pericula in hoc mundo patiantur, nunquam tamen extremum ſuccumbẽt,

219 1192 688 35 ſed à Chriſto habente omnem poteſtatem adiuuabuntur, & tãdem cum Chriſto hæ¬

221 1217 686 31 reditatem filiorum Dei accipient. I.Petri 1. Deus pater regenuit nos in ſpem uiuam,

221 1238 690 31 perhoc, quòd reſurrexit leſus Chriſtus ex mortuis, in hæreditatem immortalem, ad

221 1263 448 29 Coloſs.1.Chriſtus ſpes gloriæ, quem nos annunciamus.

136 1042 80 39 Chriſtusſpes

138 1071 78 31 fidelum.

136 1090 80 29 Matth.as.

140 1115 52 25 Act..

138 1129 67 29 Marci 16.

139 1145 72 30 Chriſtus fi¬

136 1166 81 29 dis miniſtri?

138 1189 76 30 fubſidiũ pr.

137 1211 72 27 ſtat in uni¬

136 1225 77 31 uerſis labo¬

136 1244 77 30 bus at mo

138 1266 48 41 leſtis.

238 1288 674 27 Proinde cum Chriſtus ſit ſpes noſtra, id eſt, in quem & propter quem iubemur

221 1300 689 43 ſperare, recte dictum eſt à leremia capite decimoſeptimo, Maledictus homo, qui

834 1330 77 45 confidit
