1000 1564
83 168 682 23 blaſphemia. Qua de re, quib? oculi ſunt à Spiritu Dei illuminati, poſſunt iudicare, ma¬

86 184 686 28 xime cũ illorũ lapſus & actiones cõſiderãt, ꝗ audẽt hoc tẽpore agnitã impugnare ve¬

86 205 686 31 ritatẽ. His igitur modis Dei gloria per blaſphemantes vehemẽter apud nos obſcura¬

85 230 686 27 tur. Hucuſ de blaſphemiæ in Deum definitione, at eius diuerſis cauſis, ac finibus

83 245 683 32 & effectis. Reſtat explicemus, quomodo blaſphemia quædã ſit remiſsibilis, quædã ve

84 268 682 33 rò irremiſsibilis. Chriſtus Matth.12. ait, Omne peccatũ & cõuitiũ, blaſphemia, remit

86 291 680 30 tetur hominibus: at conuitiũ in Spiritũ S.non remittet̃ hominibus. Et, Quicun dixe

86 311 680 33 rit verbu aduerſus filiũ hominis, remittet illi: qui aũt dixerit aduerſus Spiritum S. non

86 332 680 32 remittetur ei, neq in præſenti ſeculo ne in futuro. Eandem ſentẽtiam Lucas cap.12.

89 351 680 33 enprimit: Marcus aut cap.3.ita. Amen dico vobis, omnia remittentur filijs hominũ

85 374 683 32 peccata & conuitia, quibuſcun conuiciati fuerint: at qui conuicium dixerit in Spiri

85 399 668 28 tum ſanctum, non habet remiſsionem in æternum, ſed obnoxius eſt æterno iudicio.

88 415 677 35 Quodnam autem ſit illud peccatum in Spiritũ ſanctum, nunquã remittendum, diffici

83 439 682 31 le eſt deſinire. Auguſtinus lib. de vero baptiſmate, peccare, ait, in Spiritum S.qui vé

83 460 682 32 ritatem contemnit, qui in fratres, quibus Deus manifeſtauit veritatẽ, malignus eſt, qui

83 480 682 33 nõ agnoſeit Dei in eccleſiam beneficia, nec agit gratias. Lib.de Sermone Domini, di¬

83 500 682 35 cit eũ peccare in Spiritum S. qui alteri inuidet collata Spiritus S.dona. Atqui hæc nun

83 525 682 32 quã remitti pœnitentibus nõ ſatis poteſt demonſtrari. lta idem lib.de Verbis Domi

83 547 682 31 ni, ex Euangelio Matthæ i Sermone n.animaduertens, nulſũ eſſe peccatũ, quod pœni¬

83 565 682 33 rentia non aboleatur, & de quo non ſit vel in extremo vitæ pœnitẽtia ſperanda sratio¬

84 587 681 37 cinatur, peccatũ in Spiritũ S.irremiſsibile eſſe impœnitentiam, & quidẽ finalem, hoc

86 609 677 34 eſt, ad extremum vſ vitæ durantẽ, quæ aliâs vocatur deſperatio obſtinata. Nec mul,

89 628 676 36 tum diſsidet ab hoc, quod idem epiſt.50 ad Bonifaciu vocat duriciem cordis ad fineu

84 650 681 34 vſ. Ambioſius lib.de Spiritu ſancto: ſimiliter Chryſoſtomus ad cap.12. Matth. di¬

83 668 682 42 cunt, peccare in Spiritu S qui dero gant dignitati perſonę Spiritus ſancti, at adimũt.

83 693 682 35 quod ei erat tribuendũ: quẽadmodũ Phariſæi negabãt virtute Spiritus S.eijci à Chri¬

82 715 683 34 ſto dæmonia, ſed feciſſe id Chriſtum potius ope Beelzebul. Alij alia protulerunt. A

83 735 682 37 quam plurimis autem recipitur ſententia illa, de impœnitentia finali, vt licet ex his co¬

83 757 682 36 gnoſcere, qui enarrant Petri Lombardi ſontent. lib.2. diſtinctionẽ quadrageſimã ter¬

83 779 682 36 tiã: ne nos omnino reijcimus, minus tamẽ ſatisfacit, cũ Euãgeliſtaru verba nõ ſatis

83 798 682 38 cõmodé explanet. lubent igitur verba contextus primum reſpicere nos generatim in

82 821 680 37 blaſphemiam, id eſt, impugnationẽ alquam Veritatis, id́ docet hiſtoria ipſa, in qua

83 848 686 32 recitatur, Phariſæos, cum Chriſtus eieciſſet dæmonium cæcum & mutũ, virtute Dei,

84 867 683 37 contra Veritatem iniquè interpretatos; à Chriſto id factum non uirtute Dei ſiue ſpiri¬

86 883 679 41 tu Dei, ſed ope Beelzebul principis dæmoniorum. Talem blaſphemiam Chriſtus ra¬

86 909 679 35 tionibus aliquot refellit. Deinde ſubijcit generalem cõminationẽ de peccato in Spiri¬

83 927 679 37 tum S.nunquã remittendo. Secundò, diſcrimen aliquod ſtatuere oportet, inter bla¬

83 947 679 39 ſphemiam ſiue oppugnationc̃ Veritatis, quæ cõmittitur in filium, & eam quæ cõmit.

83 972 679 35 titur in Spiritum S. Notum aũt eſt, duobus modis impugnari veritatem vel blaſphe¬

82 990 680 43 miam cõmitti: altero quidem per ignorantiam: altero verò per voluntariam malitiã;

83 1011 679 40 Qui primo modo peccarint, cum pœnitentia ducuntur, iterum in gratiam accipiunt

83 1040 680 32 tur. Sic Paulus de ſe ſatetur, ꝙ blaſphemus & perſecutorfuerit, verum quoniam igno¬

82 1057 680 39 rãs feciſſet, miſericordiã ſe conſecutum. Petrus act.3. Vos ſanctũ & iuſtum negaſtis, &

80 1079 682 40 poſtulaſtis vt virũ homicidã donaret vobis, autorẽ verõ vſtæ interfeciſtis. Poſt pauca

80 1098 682 42 Et nunc fratres ſcio, ꝙ per ignorantiã feciſtis, ſicut & principes veſtri. Pœniteat igitu;

82 1120 680 42 vos erroris, & cõuertimini, vt deleant peccata veſtra. Paulus 1.ad Corinth.2.Si cogno;

83 1139 679 41 uiſſent, nequaquã Dominũ gloriæ crucifixiſſent. Et pro his, qui ita peccãt, æquũ eſt o.

82 1162 680 43 rationes fieri, quemadmodũ Chriſtus orauit pro his qui ipſum crucifigebãt: Similites

83 1184 679 41 Stephanus pro lapidantibus. Generatim mandauit Chriſtus, vt pro his oremus, ꝗnos

82 1204 680 43 perſequuntur. Quando enim per ignorantiã aliqui oppugnant Veritatem, non eſt de

82 1230 680 38 conuerſione & ſalute eorum ſpes abijcienda. Qui autem ſecundo modo, id eſt, uolur

83 1249 679 39 tariè impugnãt veritatẽ agnitã & blaſphemãt, his peccatũ nõ remittit. Ad Hebrao.S

82 1269 680 56 volentes peccauerimus poſt acceptam cognitionem veritatis, non vltra pro peccati?

209 144 419 25 AD TIMOTHEVM CAP. I

769 245 69 37 Blaſpemia

769 271 79 32 quatenus re¬

769 291 79 29 mittatur, aut

769 310 75 30 inexpiabilis

767 328 76 31 permaneat.

769 398 80 22 Peccatum in

770 415 77 22 Spiritũ San¬

767 428 77 30 ctũ irremiſ¬

766 447 82 31 ſibile diffict

766 467 72 32 Ie definita.

766 487 78 33 DefintioD.

767 506 68 32 Auguſtini.

767 527 79 34 Impœniten¬

767 546 62 32 tia finalis

766 560 81 38 peccatt red

766 586 80 30 ait irremißi¬

769 626 71 28 Auguſtinũ.

766 645 63 27 Sententi¬

766 662 81 32 Ambreſit, et

766 684 77 30 Chryſoſto¬

767 703 25 32 mi.

766 723 52 29 Lucai.

766 738 61 32 Marci.s.

766 761 65 31 Matth.i..

766 780 78 33 Petrus Lom

767 802 49 29 bardus.

767 824 2 23 1

766 838 69 31 Diſcrimen

765 857 79 27 blaſphemie.

766 875 80 31 1 filium &

767 899 79 30 Spiritũ San¬

767 920 39 24 ctum.

766 938 78 27 Duobus mo

766 955 78 34 dis oppugna

767 978 72 30 tur ueritas,

766 997 71 30 Ignorantia

766 1016 71 30 & Malitia

766 1040 74 26 uoluntaria,

767 1059 75 27 Blaſphemia

765 1075 73 29 ignorantiæ

767 1096 70 27 remißibilis

766 1113 68 31 ſi ſequatur

766 1133 76 36 pœntentia

766 1154 47 29 Act.7.

766 1171 60 31 Matth.5.

767 1193 47 30 Luc.6.

766 1213 78 27 Blaſphamia

766 1231 81 33 ex malitia et

768 1255 63 25 uoluntate

769 1268 79 32 peruerſa eſt

766 1290 76 42 urenißibi¬

700 1308 90 39 reliqua us.
