1000 1564
213.0 135.0 410.0 28.0 AD TIMOTHEVM CAP. I.

78.0 159.0 684.0 26.0 ita ab eo poſtea exeunt cogitationes & actiones bonæ aut malæ, quemadmodũ Chri¬

78.0 174.0 684.0 30.0 ſtus docet Matth.15. Sed enim purum ac mundum cor non efficitur, niſi ipſo Deo au¬

79.0 194.0 684.0 31.0 tore: Pſal.51. Act.15. Ex tali igitur corde debent actiones, quæ ſecundum legem fiunt

79.0 218.0 681.0 31.0 & charitati adſcribuntur, prodire: quemadmodum ipſe quo Deus legislator exigit,

84.0 238.0 689.0 31.0 dicens: Diliges Dominum Deum tuum ex toto corde tuo, & ex tota anima tua. Ad ¬

80.0 261.0 682.0 30.0 quæ verba Apoſtolum reſpexiſſe & alluſiſſe nõ eſt dubium Ergo hac particula exclu¬

80.0 281.0 682.0 32.0 ſit Apoſtolus, primùm omnem impuritatem & malitiam, qua corda omnium non re¬

80.0 305.0 684.0 27.0 natorum ſemper ſunt inquinata: Dehinc reijcit omnem hypocriticam diligentiã, qua

80.0 327.0 684.0 27.0 nonnulli exterius quidem videri volunt legis ſtudioſi, interius verò plurimum à lege

81.0 347.0 683.0 26.0 & vera charitate abſunt: dum nimirum alij tantum ſeruili metu pœnarum opera legis

80.0 369.0 684.0 28.0 factunt, ut ludæorum pars maxima aſsiduis comminationibus & infinitis ſuorum ma¬

80.0 387.0 685.0 32.0 lis territa: alij inanis gloriæ cauſa, vt Scribæ & Phariſæi, Matth.6. alij deni alios in fi¬

79.0 413.0 687.0 25.0 nes intenti ſunt. Huiuſmodi autem externam charitatem ſiue iuſtitlam legalem Euan

80.0 430.0 684.0 34.0 gelium non agnoſcit, veluti ad legem proprié pertinentem: ſed exigit charitatem ma¬

79.0 454.0 472.0 28.0 nantem ex puro corde. At hæc demum legi reſpondebit.

97 479 660 26 Secundò vult Apoſtolus charitatem profluentem ex conſcientia bona. De his, que

79 495 679 32 cor paulo ante apprehenderat, conſcientię eſt exercere iudiclum. Nihil enim aliud eſt

79 514 679 33 conſcientia quàm cognitio πρεκτιηο, qua cogitationes atque actiones noſtræ exami

79 540 675 29 nantur, & mirabiliter modò accuſantur, modõ defendũtur, teſtãte Apoſtolo ad Rom

81.0 559.0 698.0 30.0 2.Gentes, inquit, legem non habentes, ſibi ipſis ſunt lex, qui oſtendunt opus legis ſcri¬ ‟

82.0 579.0 699.0 32.0 ptum in cordibus ſuis, ſimul atteſtante illorum conſcientia, & cogitationibus inter ſe ‟

83.0 601.0 694.0 28.0 accuſantibus aut etiam excuſantibus. Ita conſcientia cuncta ſiue facta, ſiue facien¬ ‟

83.0 626.0 683.0 24.0 da, accuratè expendit, & ratiocinando diſquirit, quid rectè aut ſecus factum ſit, aut fie¬

83.0 647.0 683.0 29.0 ri queat. Attamen non omnes eodem modo rationes probabiles ac certas colligunt,

82.0 668.0 684.0 27.0 quarum ductu ſudicium rectum ferunt. Hærent quidem in hominum animis impreſſę

82.0 684.0 685.0 35.0 quædam notitiæ, quas tanquã regulas & leges inuiolabiles conſcientia ſequi deberet,

83.0 709.0 684.0 32.0 eſt́ hæc animi facultas conſeruans & ſemper ſuggerens eiuſmodi notitias συντήρνσις,

82.0 728.0 686.0 29.0 à verbo συντηρέω, id eſt, conſeruo, appellata: ſed prout affectus praui ſæpenumerò do¬

82.0 750.0 685.0 29.0 minantur: Ita conſcientia debilitatur ac perturbatur, quo minus ad regulas illas reſpi¬

82.0 770.0 687.0 31.0 ciat: Imõ obtrudũt vitioſi affectus alias regulas obliquas ac diſtortas, per quas cõſcien

83.0 795.0 687.0 27.0 tia decipitur, vt malè iudicet. Eorum proinde, qui ita faciunt, conſcientia voluntate ma

83.0 813.0 685.0 30.0 la & corrupta eſt. Ad Titum 1.Pollutis & infidelibus nihil eſt purum, ſed polluta eſt il¬

82.0 835.0 703.0 32.0 lorum & mens & conſcientia.1 ad Timoth 4. Spiritus certò loquitur, quòd in poſte¬ ‟

83.0 859.0 702.0 29.0 rioribus temporibus deficient quidam à fide, attendentes ſpiritibus impoſtoribus ac ‟

85.0 881.0 701.0 28.0 doctrinis dæmoniorum: per hypocriſin falſiloquorũ, quibus cauterio reſecta eſt con¬ ‟

86.0 899.0 701.0 33.0 ſcientia, prohibentium contrahere matrimonium, & c. iubentium abſtinere à cibis. V¬  ‟

86.0 920.0 683.0 35.0 bi exempla proponit Apoſtolus conſcientiæ negligentis regulam in verbo Dei pro¬

86.0 945.0 683.0 31.0 poſitã, & ſequentis peruerſas ſuggeſtiones corruptorum affectuũ. Ex his aũt per con¬

80.0 962.0 690.0 34.0 trarium intelligemus, conſcientiam bonam, quæ non diſcedit ab illis notitijs naturali¬

86.0 985.0 687.0 36.0 bus, ſed veritati conſtanter inſiſtit, maximè autem gaudet amplecti regulam verbi

86.0 1003.0 686.0 38.0 Dei, quã imprimis vtiliſsimũ eſt ſequi, aduerſus omne periculũ dubitationis, erroris

86.0 1027.0 684.0 33.0 ſiue lapſus. Eſt́ maximè propriũ bonę cõſclentiæ, ad primã veritatẽ, hoc eſt, ad Deũ

83 1047 684 36 ipſum, ſemper refetre omnia. Ex quo factũ, vt qui conſeientiã ſuã teſtem adhibet, Deũ

83 1068 684 37 ipſum teſtem ac iudicem inuocare intelligatur. Ad Rom. 9. Veritatẽ dico in Chriſto,

83 1088 684 39 non mentior, atteſtante ſimul mihi cõſcientia mea per Spiritũ Sanctũ, quod dolor mi¬

86.0 1111.0 701.0 36.0 hi ſit magnus. Vbi conſcientiam ſuam ſiſtit teſtẽ, verum à ſpiritu ſancto inſtitutã & gu „

86.0 1134.0 687.0 34.0 bernatã, ne videlicet cõſcientiæ ipſius tanquã ertanti aut deprauatæ minus tribuendũ

87.0 1157.0 703.0 32.0 exiſtiment. Et 2.ad Corint.1.Gloriatio noſtra hæc eſt, teſtimoniũ conſcientię noſtræ,  ‟

88.0 1177.0 701.0 33.0 cũ ſimplicitate & cũ ſynceritate Dei, nõ ſapientia carnali, ſed pergratia Dei cõuerſati ‟

87.0 1196.0 702.0 36.0 fuerimus in mũdo potiſsimũ aũt apud uos. In quã ſententiam nõnulla dicũtur ad finẽ ‟

89.0 1218.0 685.0 36.0 capitis ſecũdi eiuſdẽ epiſtolæ. Et Actorũ 23.24.1.Petri3. Eatenus ergo conſcientia bo¬

87.0 1240.0 687.0 37.0 na eſt, quatenus ad veritatẽ & Deum ipſum ſe cõuertit. Quamobrẽ vbi Apoſtolus o¬

88.0 1264.0 688.0 42.0 pera charitatis uult exerceri cõſcientia bona, omnẽ excludit ignorantiã, dubitationẽ,

741 143 15 22 17

765 457 77 47 1. Conſcion

765 492 57 31 tia bona.

764 512 75 32 Conſcienti¬

766 530 35 40 quias

771 1046 73 39 Conſcientia

773 1073 69 41 teſtis & iu¬

773 1094 26 34 dex.

607 1294 66 36 b 3

686.0 1294.0 89.0 42.0 errorem,
