1000 1564
92 165 692 30 Hiccertè ne aperiet alijs, ne quaſi ad eccleſiam res eſſet delata, excommunicare la

92 184 704 34 pſum attentabit, ſed tantùm vt priuatus priuatum corripiat. Rationes ſunt hæ. Primò ..

93 205 703 31 cauere debet, ne detegendo alterius occultum crimen, ipſe ijs modis, quos iam enu¬2¬

93 227 689 31 merauimus, peccet grauius Secundò, intereſt miniſtrorum eccleſiæ, non tantùm pu¬

94 250 689 29 blicè vniuerſos, verùm etiã priuatim ſingulos, & per ſingulas domos docere, arguere,

96 271 691 30 hortari, ſolari, &c. quemadmodum ſe facere ſolitum refert Apoſtolus Actor.2o. I'ertiõ

96 291 688 30 in conſpectu eſt exemplum Chriſti qui cûm ſciret ludam eſſe auarum & proditorem,

97 311 687 33 nequaquam tamẽ eum à cæna excluſit: Quamuis & hoc verum eſt quòd eum aliquo¬

98 333 686 30 ties non obſcurè monuit, vt ludas ſe pungi à Chriſto ſatis intelligeret: non tamen eum

98 360 686 27 Chriſtus cæteris Apoſtolis nominatim deſignauit. Quamobrem miniſter quo eum,

97 377 688 33 quem occultè nouit peccaſſe, admonebit ſanè diligenter, ac conſulet, à ſacra cæna vt

97 398 686 37 abſtineat: Si tamen adire auſus ille fuerit, nequaquam eum publicè arcebit vel pu¬

97 422 84 26 defaciet.

218 140 428 32 AD TIMOTHEVM CAP. I¬

116 444 664 29 lam de ſecundo gradu correptionis eccleſiaſticæ: Si te non audierit, inquit Chri¬

97 464 683 29 ſtus, adhibe tecum adhuc vnum aut duos, &c. Hæc porrò conuenit in præſenti obſer¬

96 483 691 31 uare. Primò: adhuc de peccatis occultis ſermo eſt, nempe his, quæ aliquot tantùm ho¬

95 504 698 31 minibus, non aũt omnibus innotuêre, vt publica dici nondum poſsint. Secundõ: qui,

97 525 702 33 adhibebuntur, ex ijs erunt, qui iam antè ſunt conſcij. Nã ignaris non temerè peccatum,

99 547 704 32 alterius detegetur. Tertiò decer & hîc cuncta fieri, vt fratrem lucremur, hoc eſt, eo mo 4.

99 570 685 30 do, quem proximé expoſuimus. Quarto: Sed ne ſtatim, ſi non audiat qui monetur,

100 589 685 28 deferenda cauſa eſt ad eccleſiam: quandoquidem peccatum eius nondum pro publi¬

100 614 686 28 co habetur. Fieri autem non poteſt, quin illius crimen, ſi, quemadmodum cœpit, perre

100 634 684 27 xerit, tandem manifeſtetur omnibus. Tum verô Eccleſia proculdubio cognoſcet.

101 656 696 26 Quintò: quod ſi inter conſcios perpetrati criminis aliquis fuerit miniſter Eccleſiæ ad*

100 676 686 27 priuatam iſtam admonitionem adhibitus, ne is quidẽ ad eccleſiam rem deferet, multò

99 698 686 30 minus ius eccleſiæ in excommunicando à ſe exercendum putabit. Vnus miniſter, vel

99 719 687 29 etiã duo: tresúe eccleſiam non conſtituunt, nec eccleſiæ ius habent: Rectè tamen ma¬

97 735 683 35 iori, quàm antea, ſeueritate lapſum corripiet, at ne ſacris participet cum cæteris, ſtu

99 762 685 30 debit perſuadere. Sextò: quicũ aũt ad hanc admonitionẽ adiunguntur, ij nõ tantùm

99 783 686 27 vt otioſi teſtes, verùm etiam vt amici conſultores aderunt, & pari ſimul diligentia hor¬

99 804 687 31 tabuntur, obſecrabunt, vrgebunt, at omnem mouebunt lapidem: quò peccatorem

102 822 562 30 reducant in viam: Id ſubindicant hæc Chriſti verba, Si eos non audierit.

121 852 658 27 Tertius gradus, quò fratres peccantes ad ſalutem addueuntur, is eſt: Quod ſi eos

101 868 693 33 non audierit, dic eccleſiæ. Vbihæc notantur. Primò, ſi præcedentibus duobus gra¬

102 890 696 28 dibus quicquam profectum eſt, at lapſus peccatum ſuum agnoſcens vitam emendal¬

101 912 698 27 rit, nequaquã opus eſt, ad hunc tertiũ gradum conſcendamus. Secundò:agitur hoc lo¬2·

101 927 687 34 co ꝓpriè de peccatis publicis, & à quibus offendiculum longè late́ ad omnium ordi

100 951 693 35 num homines ſerpit. Tertiò: vbi quis pertinax eſt in malo, at impietas eius paulatim?

98 970 687 37 innoteſcit omnibꝰ, fieri nõ poteſt, quin eccleſia aliq modo reſciſcat. Nec multum refert

99 995 686 31 quomodo primùm reſeiſcat eccleſia, dũ tamẽ certò & legitima ratione cognoſcat. Si¬

99 1013 687 36 ue aũt id renunciet eccleſię per eos, qui primi ſunt alterius crimine offenſi, vel qui iam

98 1037 688 32 antè aliquoties ipſum monuerũt, ſed fruſtra ſe laboraſſe aduertũt: vel per propinquos

98 1059 687 31 ſiue amicos: vel per aliquos è miniſtris eccleſiæ ſatis aptè id factũ iudicabimus, ſi mo¬

98 1080 687 32 dò conſtet, eoſdẽ id facere ex charitate at ſalutis illius deſiderio. Non magis impro¬

98 1098 686 35 bari debet iſtorũ fides ac diligentia, quàm medici vel chirurgi, qui cùm videt, ſe ęgrum

99 1122 700 33 non poſſe curare, aliorũ opẽat cõſiliũ implorat, quos nouit eſſe peritiores. Quartò:

100 1144 682 32 eccleſia, vbi renunciat fratris cõſtans malitia, Chryſoſt. interprete, homil.61.in Matth.

100 1161 685 38 ſunt p̃ſules & p̃ſidentes eccleſię. Certẽ Apoſtolus 1.ad Timoth.4. congregationẽ ſiue

101 1186 685 33 cõſeſſum eorũ, qui manus imponebãt deſignatis ad miniſteriũ, reliquas́ eccleſiæ pu

102 1204 681 40 blicas actiones exequebant, vocat πρεσθυτεριοy. Et Ambroſ.ca.. eiuſdé Epiſt ad Ti¬

101 1228 683 33 moth. teſtat̃, in vnaqua eccleſia olim fuiſſe aliquot ſeniores ſine quorũ conſilſo nihil

101 1246 685 37 in eccleſia agebat. Et capa.in eccleſia. inqt, ſeptẽ diaconos eſſe oporret & aliquot pres,

100 1271 684 53 byteros, vt digni ſint per eccleſtas, & vnus in ciuitate Epiſcopus Sed & ipſe Apoſto.

781 418 83 25 Il. gemus cor

783 434 78 35 reptionis et¬

786 457 70 35 cleſiaſticæ.

786 834 83 26 III. gradus

784 851 80 33 correctionis.

750 1305 34 31 lus

779 737 18 47 .
