1000 1564
131 168 327 34 Exuberauit autem ſupra modum gratia:

96 200 654 29 Sequitur altera pars doctrinæ Chriſtianæ, quæ eſt de Euangelio: ac paribreuita

75 215 675 36 te, qua pars præcedens, excutitur. Cur uerò doctrinam Euangelij explanari opor

75 235 675 36 teat poſt doctrinam legis, ſuprà expoſuimus, minime́ opus eſt repeti. Nullo au

79 261 677 33 tem exordio, nulla tranſitionis forma appoſita, ſtatim aggreditur Euangelij nego¬

80 284 679 32 cium. Ac ſeparari hæc uerba debere ab antecedentibus, nouam́ partem hîc inſti¬

80 302 680 34 tui, ex eo patet, quòd proximè tractauit exemplum de ſua perſona priuatim: quæ

80 323 680 35 uerò nunc ſequuntur, doctrinam continent generalem, atque accipi ut uniuerſali¬

79 346 682 35 ter dicta de nouo loco communi conuenit. Item ſicut præcedentia omnia accommo¬

79 369 682 34 daſa fuerunt ad demonſtrandum uſum legis: ita hîc ſine inuolucris proponuntur quę

78 386 682 38 propria ſunt Euangelij: Ac paulõ poſt Apoſtolus iterum quædam de ſua perſona an¬

78 411 684 30 nectet, ad uſum Euangelij aperiendum idonea. Breuiter, nihil ex præcedentibus ad

78 431 684 32 iſta reſpicit, niſi quòd narrando ſe adeptum miſericordiam, uiam utcun ſtrauit ad

78 451 682 39 hunc de Euangelio locum. Diſertè uerò hîc agere Apoſtolum de natura Euange¬

78 477 286 27 lij, perſpicuum fit non una ratione.

211 133 412 36 AD TIMOTHEVM CAP. I.

93 503 664 23 Primò exuberans gratia Domini noſtri, de qua hîc inſtituitur ſermo, Legi in Scri¬

78 514 679 38 pturis opponitur. Iohann.1.de plenitudine eius nos omnes accepimus, & gratiam pro

78 534 679 36 gratia: quia lex per Moſen data eſt, gratia & ueritas per leſum Chriſtum exorta eſti

78 559 679 34 Ad Roman.6. Non eſtis ſub lege, ſed ſub gratia. Ad Galat.5. Quicunque per legem

80 584 682 26 iuſtificamini, à gratia excidiſtis. Ergo Apoſtolo placet ſummam doctrinæ Chriſtia¬

80 602 682 39 næ hac methodõ tradere, ut poſtquam abſoluit ſermonem de lege, pergat nunc dice¬

81 631 251 25 re de Euangelio legi oppoſito.

99 652 658 24 Sẽcundõ, gratia eſt ueluti ſubiectum Euangelij, ita ut ubicunque de gratia Der

79 664 679 35 aliqua occurrunt, ibi commendari negocium Euangelij omnes interpretentur. Vn¬

79 684 679 35 de Apoſtolus ad presbyteros Epheſlos uerba faciens Actor.20. Euangelium appel

80 710 677 28 lat Euangelium gratiæ: ut conſummem, inquit, curſum meum cum gaudio, & mi

80 733 667 26 niſterium, quod accepi à Domino leſu, ad teſtificandum Euangelium gratiæ Dei.

79 749 679 34 Ad Epheſ.2. Audiſtis diſpenſationem gratiæ Dei, quæ data eſt mihiin uos, &c. Atq

79 770 679 35 hinc fit, quod Apoſtoli paſsim in ſuis ſcriptis primo & ultimo loco gratiam incul,

82 797 683 34 cant. In prophetarum autem ſermonibus, imò in toto ueteri teſtamento talis loquen¬

82 818 197 27 di ratio non obſeruatur.

735 140 25 34 115

762 194 72 24 t. Pars do¬

765 207 70 30 trinæ Chri¬

762 228 71 31 ſtianæ eſt de

766 250 61 34 Euangelio.

102 844 658 24 Iertio, in his uerbis Apoſtoli cumprimis elegans & fœcunda continetur Euange.

82 857 678 33 lij deſinitio ſeu deſcriptio, quod mox plenius oſtendemus. Itaque nouam hîc inſtitu

83 879 677 48 partem de doctrina Euangelij, ex his liquidò conſtat. Proinde ad uerba Apeſto.

85 900 106 32 li ueniamus.

762 493 73 25 l.Gratiaex.

762 514 73 25 uberans op¬

766 533 61 39 ponitur le.

766 553 17 42 *.

133 932 162 32 Exuberauit autem.

104 962 664 30 Continetur his uerbis luculenta Euangelij definitio, quàm hoc pacto craſsius licet

83 977 678 38 exprimere. Euangelium eſt doctrina lætum proponens nuncium de gratia & remiſ¬

82 999 687 37 ſione peccatorum gratis & abundanter in nomine leſu Chriſti à Deo oblata omni¬

83 1021 686 34 bus hominibus, quorum intereſt deinceps in uera fide ac dilectione piè ſancte ad

82 1041 687 38 Dei & leſu Chriſti gloriam uiuere. Eſt́ definitio illa Apoſtoli uehementer commen

82 1064 687 34 danda. Primò, quia breuiſsima eſt: fiquidem in definitionibus breuitas probatur.

101 1086 668 33 Secundò, quia maximè propria eſt. Nihil enim aliud continet, quàm quod ſpe¬

86 1105 683 36 ctari in primis in Euangelij natura debet. Nonnulli definiunt Euangelium eſſe do¬

84 1128 681 36 ctrinam de pœnitentia & remiſsione peccatorum. Neque id quidem incommodè, ue

83 1150 682 38 rùm non ſatis propriè de Euangelio loquuntur, ſed magis de doctrina uniuerſa, quam

83 1173 686 37 Chriſtus proponi in eccleſia mandauit, quæ legem pariter cum Euangelio comple¬

85 1192 681 36 ctitur. Etenim prædicatione legis excitantur homines ad pœnitentiam: quandoqui¬

85 1216 680 34 dem lex adfert peccatorum cognitionem: Comminationes autem legis incutiunt do¬

83 1234 686 38 lorem ob peccata. Sed quando hæc duo, cognitio, inquam, peccatorum & dolor

88 1257 681 54 ob peccata locum habent eciam in impijs, & non ſemper ubi ſia duo ſunt, peccatore

767 643 64 26 2. GratiaE

769 682 62 29 ubiectum.

767 701 64 23 Actor.20.

769 716 65 29 Euangeliũ

769 741 41 26 gratiæ.

769 752 66 36 Diſpenſatic

770 780 61 46 praue De

769 840 70 26 1. Euangelij

770 856 72 30 definitio hic

769 877 48 41 traditur.

771 986 64 34 Euãgelium

769 1003 31 34 quias

773 1053 71 28 Definitio E¬

774 1071 66 35 tagelij pro¬

774 1090 27 26 pria.

773 1107 73 28 Euãgelij de¬

773 1126 58 31 finitio im¬

774 1149 49 30 propria.

775 1179 52 21 Cognitio

773 1188 58 34 peccatori

775 1209 69 31 & dolor ob

774 1231 74 29 peccata non

775 1252 72 29 ſunt propria

778 1272 59 33 Euangelij.

597 1289 67 29 d 2

693 1292 80 28 remiſsio
