1000 1564
220 106 13 24 22

384 109 391 27 IN L EPIST. D. PAVLI

148.0 161.0 72.0 22.0 1. Ralio 9

148.0 177.0 74.0 30.0 lexſit peſit

148.0 198.0 56.0 27.0 iniuſtis.

223.0 125.0 692.0 39.0 elie, quod iulto non ſit lexpoſita. Cæterûm propemodum ex illis ipſis ratlonibus

225.0 144.0 692.0 41.0 procliue erit colligere per contrariũ, quomo do lex ſit poſita iniuſtis & peccatoribus.

226.0 164.0 692.0 40.0 Primò, lex illa ſcripta præcipue moralis, quam diximus etiam iuſtis utilẽ eſſe & per¬

229.0 186.0 688.0 44.0 neceſſariam, poſita eſt iniuſtis, ut nimirum ex ea tanquam fida magiſtra diſcant gene¬

229 205 684 42 ratim, quid beneuel malè fiat: ſpeciatim uerò, ut aſſueſcant propria agnoſcere pecca¬

229 228 688 40 ta. Eſt ſanè lex naturalis ſemel inſcripta omnium cordibus: Sed quoniam hæc multis

226 250 693 44 modis obſcuratur, maximè in impijs, quamuis non tota penitus extinguitur: prodeſt

229 268 690 44 hominem intueri legem tanquam ſpeculum, at ex ea percipere, quæ peccata aduer¬

229 289 288 39 ſus Deum & proximum deſignarit.

147 209 75 36 Lex morali

147 233 75 30 utilis est in

148.0 256.0 57.0 28.0 iuſtis.

144 264 78 39 Lex ſpecult

147 293 75 31 uolũtatis di

144 311 81 29 uine & pec

144 329 80 38 catorum ne

146 355 67 23 ſtrorum.

148 366 74 35 2. Ruiole

147 392 74 29 conuincitur

146 416 60 25 peccati.

147 424 72 36 2. Ratio. Ie

143 448 81 32 deducit pee

143 467 81 26 catorẽ pro¬

143 487 81 30 figatum ad

144 505 80 43 Christan.

245 320 675 34 Secundò, lex poſita eſt iniuſto, ut ſciens ſe contra legem peccare, cõuincatur, quòd

226 329 690 54 propter peccata grauiſsimas pœnas, tàm in hac, quam in futura uita ſit promeritus,

226 354 693 47 ideo æterna damnatione dignus. Etenim lex in trãſgreſſores pœnas horrendas ſſa¬

229 375 686 44 tuit. De hoc uſulegis ad Roman.7. Peccatum occaſione accepta per præceptum de¬

229 396 690 49 cepitme & perillud occidit. Tertiò, poſita eſt lex iniuſto, eum uidet ſe per legem

229 420 688 41 non liberari à malis, non item iuſtificari, ſed potius opprimi, occidi, condemnari, ſoh¬

225 444 695 43 citus fit de impetranda peccatorum remiſsione & iuſtitia aliunde acquirenda. lubet

225 462 692 42 igitur lex, poſtquam hominem extremo deiecit, confugere ad Chriſtum, in hunc fu¬

225 483 690 44 dem conijcere, & propter hunc ſolum miſericordiam expectare. Ad Galath 3. Si lata¬

225 503 688 44 fuiſſet lex quę poſſet uiuificare, uerẽ ex lege eſſet iuſtitia: Sed cõcluſit ſcriptura omnia

208.0 527.0 708.0 46.0 „ ſub peccatum, ut promiſsio ex fide leſu Chriſti daretur credentibus. Et paulo poſt, lex

209.0 553.0 512.0 31.0 „ pædagogus noſter fuit ad Chriſtum, ut ex fide iuſtificaremur,

143 581 83 44 Pates pan

145.0 610.0 46.0 26.0 tentiæ

143 626 76 36 Contritio c

146.0 649.0 45.0 36.0 Fides.

247.0 578.0 671.0 34.0 Summa autem harum rationum hæc eſt: Lex poſita eſt iniuſtis, ut per eam addu¬

229 591 687 46 cantur ad ueram perfectamq pœnitentiam, at ita ſalutem conſequantur. Conſtat ę¬

226.0 615.0 691.0 37.0 nim pœnitentiæ, quæ modo ſalutaris eſſe queat, duas eſſe partes, contritionem & fi¬

224 632 689 41 dem. Contritione proſternimur & morimur peccatis: fide rurſus erigimur ad accpi¬

223.0 660.0 690.0 38.0 endam remiſsionem peccatorum & nouam uitam inſtituendam. Exprimuntur aũt hę

223.0 677.0 690.0 40.0 partes crebrò in ſcripturis. Matth.3.lohannes Baptiſta, agite pœnitẽtiam uitæ prioris,

222.0 702.0 692.0 35.0 in propinquo eſt enim regnum cœlorum. Chriſtus Marci. I. lmpletum eſt tempus, in¬

222.0 721.0 692.0 41.0 ſtat́ regnum Dei, reſipiſcite & credite Euangelio. Sæpè item Apoſtolus duas iſtas

221.0 743.0 693.0 38.0 partés nominibus mortificationis & uiuificationis cõiungit: ad Roman. 6.ad Coloſs.

223.0 767.0 691.0 38.0 2. Quando igitur lex homini impio oſtendit ſua peccata, atq arguit eſſe reum mortis

221.0 788.0 692.0 40.0 ac damnationis æternæ, quemadmodum duabus prioris ratiõnibus dictum eſt: planè

221.0 808.0 692.0 40.0 permouet eum, ut ex animo doleat, cõteratur, acmortificetur. Quando uerò ulterius

222.0 830.0 691.0 38.0 ducit ad Chriſtum, ut dictum eſt ratione tertia, fidem in eo exuſcitat, ac iubet miſeri¬

222.0 849.0 691.0 39.0 cordiam propter Chriſtum apprehendere. At hoc demum facto uera pœnitenua

222.0 873.0 691.0 38.0 abſoluitur: fruſtrà peccator aliquis conteritur & mortificatur, niſi inſuper ei detur fide

222.0 894.0 690.0 40.0 erigi & uiuificari. Tantus autem cum ſit legis effectus in impijs, meritò lex magnifit,

222.0 914.0 691.0 38.0 ac ſummo ſtudio omnibus impijs frequenter proponſtur. Quando autem ad hunc

225 931 686 42 modum Apoſtolus duplicem legis uſum tradit: alterum, quatenus lex ſeruit iuſtifica¬

225 955 685 39 tis, hos́ docet & excitat ad præſtandam charitatem: Alterum, ut ſeruit iniuſtis, quos

225 976 683 41 adducit ad pœnirentiam: abunde exponit quæ de uſu legis ſunt cognitu neceſſaria.

222.0 1000.0 691.0 36.0 Aduerſarij plura uolebant commonſtrare, ſed abs re, ne in tradendo legitimo uſu

221.0 1023.0 692.0 37.0 perſiſtebant. Conſtituunt nonnulli & hoc tempore triplicem legis uſum: Primũ qui¬

221.0 1045.0 690.0 35.0 dem, quo impij homines & iniuſti mouentur ad pœnitentiam. Secundum uerò, quo

220.0 1064.0 691.0 37.0 pij ſeu iuſti inſtituuntur in officijs charitatis. Tertium deni quo qui nulla tanguntur

220.0 1088.0 691.0 34.0 iuſtitiæ aut honeſtatis cura, coercentur aliquo modo à flagitijs, uocãt́ hunc uſum po

220.0 1108.0 690.0 40.0 liticum. Atqui ſi bene conſideramus, nõ eſt operæpretium ita partiri. Primò, hunc ier

220.0 1132.0 690.0 33.0 tium uſum à primo diſiungi, nulla cogit neceſsitas, quando utrun ſatis amplecti ui¬

220.0 1150.0 691.0 41.0 detur, qui ſimpliciter dicit, iniuſtis legẽ eſſe poſitam. Secundò, quòd non uideamus ta

220.0 1170.0 693.0 42.0 libus impijs, qui nulla tangũtur honeſtatis cura, redigendis in ordinem, magis ſeruire

220.0 1192.0 693.0 41.0 præcepta iudicialia q̃ pœnas ciuiles flagitioſis irrogãt, at ita nefarios conatus repri¬

219.0 1216.0 694.0 37.0 mũt quàm generalẽ illã legẽ moralẽ Decalogo cõprehẽſam. Tertio: lmò uerõ palã im

219.0 1234.0 694.0 59.0 pij at in malo obdurau, nulleꝰ prorſus legis teuerẽtia aut metu à ſcelenb, deteretur.

140 922 81 39 Læ ufa eſt

142 950 79 30 & iustifica¬

142 969 79 46 ts, & init¬

143.0 993.0 34.0 31.0 ſis.

839.0 1272.0 74.0 40.0 Quarte
