1000 1564
223.0 126.0 28.0 26.0 24

389.0 129.0 396.0 24.0 IN I. EPIST. D. PAVLI

224 149 692 28 deteſtanda, pro peccatis non habeantur. Hinc uidemus ſuperſtitiones, idololatriam,

224 166 693 33 cultum imaginum, & multa eius generis ibi locum obtinere, nec reprehendi, ubi do¬

222 190 695 30 ctrina nondum eſt repurgata. Propterea etiam ſupra diximus, quandocun ordinan¬

225 208 692 34 da uel reformanda eſt eccleſia, initium à doctrina debere fieri. Non eſt ſpes, poſſe era¬

226 231 690 33 dicari uitia & abuſus, antequam uerbum Dei purè promulgatur. Sed neque aduerla¬

225 251 690 34 rij ipſius Apoſtoli, qui legitimum uſum legis non tradebant, rectè poterant de uitijs

224 271 689 36 & uirtutibus pronunciare. Exemplum ſumi poteſt de Phariſæis, ſcribis, Legiſperius,

224 295 695 29 quos Chriſtus reprehendit, quandoquidem hypocriſin ſuam atque impuritatem cor¬

222 316 695 33 dium non exiſtimabant eſſe peccata, & cum de externa quadam iuſtitia coram homi¬

224 340 696 31 nibus eſſent utcun ſoliciti, de interna, quam Deus potiſsimũ requirit, ne cogitabant

225 358 692 29 quidem. Cauſa eſt, quamuis haberent doctrinam & prædicarent, deſtituti tamen &o¬

225 379 692 32 ctrina ſana, conuertebãtur ad uaniloquiũ, ad fabulas, quibus doctrina ſana opponitur.

138 311 79 40 Matth.15.23.

141.0 397.0 76.0 27.0 Occupatio.

191.0 415.0 10.0 32.0 1.

242.0 407.0 676.0 27.0 Secundum Euangelium.) Neceſſaria & utili occupatione adijcitur particula de Euan¬

221.0 425.0 697.0 27.0 gelio. Dicendum uidebatur: ſi quid aliud eſt, quod ſanæ doctrinæ aduerſatur ſecundũ

220.0 447.0 699.0 28.0 legem: Sed maluit Apoſtolus dicere, ſecundum Euangelium. Id autem quatuor de

221 465 696 31 cauſsis. Prima, quemadmodum ſupra admonuimus, familiare eſt Apoſtolo interdum

222 486 694 32 data opera uocem legis refugere, alia peræ́ aut magis accommoda ſubſtituta. Secun

222 506 695 32 da,ut oſtendat, quanta ſit dignitas Euangelij, quando in eo etiam continetur at ab¬

222 527 694 34 undè traditur, quicquid ad ueram pietatem & ſalutem tradit ipſa lex. Sic autem Chri¬

222 550 694 33 ſtus Matth.22. & alibi mirabili compendio ſummam legis & prophetarum complecti¬

222 572 695 32 tur. Quin etiam Euangelium arguit peccata, adducit ad pœnitentiam & fidem, non

222.0 598.0 698.0 30.0 minus quam lex, quod loannis Baptiſtæ & Chriſti conciones declarant. Tertiò, hac

223.0 616.0 695.0 29.0 uia excludit odioſas diſputationes aduerſariorum, qui primo atque ultimo loco ſem¬

221.0 640.0 697.0 27.0 per urgebant legem, atque omnes ad eius obſeruationẽ, quãuis legitimũ uſum nõ o¬

225 659 690 35 ſtenderent, cupiebant pertrahi. Quartò, ſatisfacit pijs, qui ipſum iniquè traducebant.

225 681 690 33 tanquam ſi doceret cum lege pugnantia, eſſet legis ex profeſſo hoſtis. Ego, inquit,

220 703 696 33 doceo Euangelium, quod eùm non ſit legi cõtrariũ, imò uerò propè oſtendit legitimũ

221 724 695 29 uſum legis: ego quidem eadem opera doceo, quæ ad legis pertinent ſubſtantlam, nẽ¬

221 742 695 33 pereprehenſſonem ac damnationem peccatorum, pœnitentiam, fidem, officia Cha¬

221 766 683 34 ritatis ex fide manantia, & ſi quæ præterea ad ſalutem neceſſaria in illa proponuntur.

185 443 17 36 2l

136 453 77 47 Euagelij di¬

143.0 497.0 54.0 24.0 gnitas.

172 510 44 30 Luc.3.

139 529 77 30 Matth. 3.11.

183 548 33 30 3.

176 566 40 30 4.

139.0 612.0 78.0 24.0 Euangelium

138.0 626.0 79.0 27.0 legi non est

137.0 647.0 82.0 27.0 contrarium,

136 664 81 29 docet enim

136 684 81 36 legis uſum.

190 709 19 20 1.

136 716 81 38 Doctrina ſa¬

136 744 81 28 na æſtimatur

135 761 82 41 ex Euage¬

138.0 782.0 35.0 37.0 lio.

179 810 13 20 2.

138.0 824.0 81.0 27.0 Euãgelio glo¬

139.0 843.0 77.0 25.0 ria Dei illu¬

139.0 860.0 61.0 34.0 ſtratur.

238.0 793.0 680.0 26.0 Gloriæ beati Dei.) Notandæ ſunt hîc plures rationes, quæ dignitatem Euangelij uehe

221.0 811.0 696.0 29.0 menter amplificant. Prima eſt, quòd doctrina ſana debet æſtimari ex Euangelio. Ete¬

223.0 833.0 694.0 30.0 uim Euangelium à Chriſto & Apoſtolis traditum regula eſt & amuſsis, ad quam exa¬

220.0 855.0 697.0 30.0 minari doctrinam omnem oportet. Quicquid pugnat cum Euangelio, pro doctrina

219.0 876.0 697.0 25.0 ſana admitti nullo modo debet: ad Galat.1.Secunda: Euangelium appellatur Euange¬

221 892 695 35 lium gloriæ Dei. Deus quidem omnia ad gloriam ſuam fecit & adhuc facit, ſed nulla

221 917 694 29 re magis illuſtrata eſt ipſius gloria, quàm ex Euangelio, hoc eſt, bono illo nuncio de ſa¬

221 934 694 35 lute humani generis per Chriſtum parta. Itaque & Euangelium ipſum perſe plurimũ

221 956 694 34 gloriæ habet, & Euangelio ipſius Dei gloria maximopere celebratur. De gloria ipſius

218.0 980.0 697.0 33.0 Euangelij 2.ad Corinth.3. De gloria Dei patris per Euangelij manifeſtationem, Chri¬

220 999 695 33 ſtus lohan.17. De gloria ſilij lohan.1. Tertio, uocatur Euangelium gloriæ beati Dei:pri¬

221.0 1027.0 695.0 29.0 mò, ut ſciamus Euangelij autorem eſſe ipſum Deum, quod ipſi placuit etiam perfiliũ

220.0 1047.0 695.0 29.0 ſuum unigenitum Mundo patefacere: lohan.1 Hebr.. Secundò, ut agnoſcamus in ſolo

220.0 1067.0 697.0 32.0 Euangelio propriè ac plenè explicari, quomodo Deus ſolus per ſe & ſua natura perfe¬

221 1086 695 36 ctè beatus ſit, ſolus alios quoque, quos uult, beatificet atque ęterna beatitudine donet.

221 1110 692 30 Tertiò, ut certi ſimus, in eodem Euangelio nobis demonſtrari modum, quo beatitu¬

221 1131 694 31 dinem illam conſequamur. Euãngelium eſt potentia Dei ad falutem omni credẽti: ad

221 1148 694 38 Rom.1. Quartò, patet etiam ex his, materiam ſiue ſubiectum Euangelij eſſe Deum ac

221 1171 692 34 beatitudinem in eodem & per eundem. Tanta proinde cum ſit Euangelij dignitas, æ¬

220.0 1199.0 695.0 27.0 quum ſanè eſt, ut ſummo in honore habeamus atque conſtanter amplectamur. Inpri¬

220.0 1218.0 696.0 29.0 mis autem ſtudebimus, omnem doctrinam per illûd examinare, ac uera quidem dog¬

220.0 1239.0 696.0 32.0 mata ſuſcipiemus, falſa uerò, deinde uitia ſeu peccata quæcun auerſabimur. Adhæc

220 1261 695 43 ſic incũbemus ſacroſancto Euãgelio, idem́ prædicabimus, ut ſcopus noſter ſit, Dei

182 890 16 17 3

138 882 81 47 Euangelium

136 916 83 32 gloriæ Dei

135 937 84 27 beati quonto

135 955 84 31 do dicatur.

185 980 16 22 2.

135 987 81 38 In Buaugelio

137.0 1018.0 80.0 24.0 diſcitur bea¬

139.0 1038.0 76.0 23.0 titudo Dei

139.0 1053.0 75.0 31.0 & hominũ.

183 1085 16 20 3.

134 1083 81 39 Modus con¬

138 1110 77 33 ſequẽdæ bea

136 1129 79 30 titudinis in

138 1150 77 32 Euãgelio cõ

135 1169 80 36 monſtratur.

185 1192 11 27 4.

138.0 1215.0 77.0 18.0 Subiectũ E¬

137.0 1229.0 77.0 26.0 uangelij eſt

136.0 1248.0 78.0 28.0 beatido &

135 1266 78 32 Deus, per

137.0 1292.0 83.0 38.0 que illa ob¬

136.0 1308.0 48.0 41.0 tngit.

840.0 1290.0 76.0 34.0 gloriam
