<?xml version='1.0' encoding='UTF-8'?>
<alto xmlns:xsi="http://www.w3.org/2001/XMLSchema-instance" xmlns="http://www.loc.gov/standards/alto/ns-v4#" xsi:schemaLocation="http://www.loc.gov/standards/alto/ns-v4# http://www.loc.gov/standards/alto/v4/alto-4-2.xsd">
  <Description>
    <MeasurementUnit>pixel</MeasurementUnit>
    <sourceImageInformation>
      <fileName>16892633.jpeg</fileName>
    </sourceImageInformation>
  </Description>
  <Tags>
    <OtherTag ID="BT7" LABEL="CustomZone" DESCRIPTION="block type CustomZone"/><OtherTag ID="BT8" LABEL="DamageZone" DESCRIPTION="block type DamageZone"/><OtherTag ID="BT9" LABEL="DigitizationArtefactZone" DESCRIPTION="block type DigitizationArtefactZone"/><OtherTag ID="BT10" LABEL="DropCapitalZone" DESCRIPTION="block type DropCapitalZone"/><OtherTag ID="BT11" LABEL="GraphicZone" DESCRIPTION="block type GraphicZone"/><OtherTag ID="BT12" LABEL="MainZone" DESCRIPTION="block type MainZone"/><OtherTag ID="BT13" LABEL="MarginTextZone" DESCRIPTION="block type MarginTextZone"/><OtherTag ID="BT14" LABEL="MusicZone" DESCRIPTION="block type MusicZone"/><OtherTag ID="BT15" LABEL="NumberingZone" DESCRIPTION="block type NumberingZone"/><OtherTag ID="BT17" LABEL="QuireMarksZone" DESCRIPTION="block type QuireMarksZone"/><OtherTag ID="BT18" LABEL="RunningTitleZone" DESCRIPTION="block type RunningTitleZone"/><OtherTag ID="BT19" LABEL="SealZone" DESCRIPTION="block type SealZone"/><OtherTag ID="BT20" LABEL="StampZone" DESCRIPTION="block type StampZone"/><OtherTag ID="BT21" LABEL="TableZone" DESCRIPTION="block type TableZone"/><OtherTag ID="BT22" LABEL="TitlePageZone" DESCRIPTION="block type TitlePageZone"/><OtherTag ID="BT3552" LABEL="MainZone-P" DESCRIPTION="block type MainZone-P"/><OtherTag ID="BT3553" LABEL="MarginTextZone-Notes" DESCRIPTION="block type MarginTextZone-Notes"/><OtherTag ID="BT3554" LABEL="MainZone-Continued" DESCRIPTION="block type MainZone-Continued"/><OtherTag ID="BT3555" LABEL="MainZone-Head" DESCRIPTION="block type MainZone-Head"/><OtherTag ID="BT3556" LABEL="text" DESCRIPTION="block type text"/>
    <OtherTag ID="LT7" LABEL="CustomLine" DESCRIPTION="line type CustomLine"/><OtherTag ID="LT8" LABEL="DefaultLine" DESCRIPTION="line type DefaultLine"/><OtherTag ID="LT9" LABEL="DropCapitalLine" DESCRIPTION="line type DropCapitalLine"/><OtherTag ID="LT10" LABEL="HeadingLine" DESCRIPTION="line type HeadingLine"/><OtherTag ID="LT11" LABEL="InterlinearLine" DESCRIPTION="line type InterlinearLine"/><OtherTag ID="LT12" LABEL="MusicLine" DESCRIPTION="line type MusicLine"/><OtherTag ID="LT1319" LABEL="default" DESCRIPTION="line type default"/>
  </Tags>
  <Layout>
    <Page WIDTH="1000" HEIGHT="1564" PHYSICAL_IMG_NR="31" ID="eSc_dummypage_">
      <PrintSpace HPOS="0" VPOS="0" WIDTH="1000" HEIGHT="1564">
        <TextBlock HPOS="74" VPOS="168" WIDTH="704" HEIGHT="1137" ID="block_1" TAGREFS="BT3554">
          <Shape><Polygon POINTS="778 168 774 1305 90 1304 74 168"/></Shape>
          <TextLine ID="line_1" TAGREFS="LT8" BASELINE="86 183 254 179 773 181" HPOS="83" VPOS="168" WIDTH="687" HEIGHT="24">
            <Shape><Polygon POINTS="761 168 84 168 83 192 770 192 770 168 761 168"/></Shape>
            <String CONTENT="Cauſa efficiens blaſphemiæ eſt incredulitas in corde hominis. Liquet id ex verbis" HPOS="83" VPOS="168" WIDTH="687" HEIGHT="24" WC="0.9925739382520135"/>
          </TextLine>
          <TextLine ID="line_2" TAGREFS="LT8" BASELINE="83 204 773 199" HPOS="80" VPOS="182" WIDTH="691" HEIGHT="31">
            <Shape><Polygon POINTS="82 203 82 213 770 212 771 198 767 182 80 186 82 203"/></Shape>
            <String CONTENT="Apoſtoli, qui confeſſus ſe fuiſſe blaſphemum, perſecutorem, &amp; violentum, ſubnectit," HPOS="80" VPOS="182" WIDTH="691" HEIGHT="31" WC="0.9932594644017967"/>
          </TextLine>
          <TextLine ID="line_3" TAGREFS="LT8" BASELINE="84 225 766 223 773 223" HPOS="82" VPOS="204" WIDTH="689" HEIGHT="30">
            <Shape><Polygon POINTS="83 224 83 233 769 234 771 222 769 204 82 205 83 224"/></Shape>
            <String CONTENT="ita ſe peccaſſeἐυ ἀπιςία, per incredulitatem. Ac res ipſa teſtatur, blaſphemiam omnẽ ita" HPOS="82" VPOS="204" WIDTH="689" HEIGHT="30" WC="0.9771837682827659"/>
          </TextLine>
          <TextLine ID="line_4" TAGREFS="LT8" BASELINE="86 246 765 244 773 242" HPOS="83" VPOS="224" WIDTH="688" HEIGHT="32">
            <Shape><Polygon POINTS="84 245 84 256 770 254 771 241 765 224 83 225 84 245"/></Shape>
            <String CONTENT="oriri. Nouit aliquis homo, quid de Deo ſentire oporteat, quæ́ Deo propriè conue¬" HPOS="83" VPOS="224" WIDTH="688" HEIGHT="32" WC="0.982667335649816"/>
          </TextLine>
          <TextLine ID="line_5" TAGREFS="LT8" BASELINE="87 270 259 265 771 263" HPOS="86" VPOS="247" WIDTH="685" HEIGHT="31">
            <Shape><Polygon POINTS="87 270 87 278 770 272 771 263 769 249 333 247 333 247 306 251 225 248 224 248 223 248 207 252 131 249 130 249 86 253 87 270"/></Shape>
            <String CONTENT="niant: Verùm quia præduro eſt corde, nec credit rem ita ſe habere, audet omnireli¬" HPOS="86" VPOS="247" WIDTH="685" HEIGHT="31" WC="0.9957576595157026"/>
          </TextLine>
          <TextLine ID="line_6" TAGREFS="LT8" BASELINE="88 290 664 286 758 287 774 292" HPOS="86" VPOS="265" WIDTH="687" HEIGHT="37">
            <Shape><Polygon POINTS="87 289 87 302 771 294 773 291 771 265 86 271 87 289"/></Shape>
            <String CONTENT="gione ac metu poſito contrarium dicere aut facere. Talibus nimirũ initijs &amp; progreſs" HPOS="86" VPOS="265" WIDTH="687" HEIGHT="37" WC="0.9801342073608847"/>
          </TextLine>
          <TextLine ID="line_7" TAGREFS="LT8" BASELINE="89 311 590 307 760 309 774 312" HPOS="87" VPOS="289" WIDTH="686" HEIGHT="30">
            <Shape><Polygon POINTS="765 290 760 289 87 291 88 310 88 319 771 315 773 311 771 291 765 290"/></Shape>
            <String CONTENT="Iu Paulus blaſphemus effectus eſt. Audiuerat enim verbum Dei, audiuerat plures pi¬" HPOS="87" VPOS="289" WIDTH="686" HEIGHT="30" WC="0.9903130371396135"/>
          </TextLine>
          <TextLine ID="line_8" TAGREFS="LT8" BASELINE="89 332 543 328 751 330 774 334" HPOS="87" VPOS="307" WIDTH="686" HEIGHT="34">
            <Shape><Polygon POINTS="765 311 752 308 739 308 726 308 713 308 700 308 687 308 674 308 661 307 657 307 87 312 88 331 88 341 771 340 773 333 771 311 765 311"/></Shape>
            <String CONTENT="os veritatem Euangelicam de Chriſto confitentes, ſed credere nondum poterat, imò" HPOS="87" VPOS="307" WIDTH="686" HEIGHT="34" WC="0.9954108551696494"/>
          </TextLine>
          <TextLine ID="line_9" TAGREFS="LT8" BASELINE="89 353 328 350 773 351" HPOS="88" VPOS="333" WIDTH="685" HEIGHT="30">
            <Shape><Polygon POINTS="89 353 89 363 773 357 773 351 773 334 88 333 89 353"/></Shape>
            <String CONTENT="verò arbitrabatur Apoſtolos cæteros́ pios errare, ſe verò recte ſentire: vnde anima¬" HPOS="88" VPOS="333" WIDTH="685" HEIGHT="30" WC="0.9880954616371243"/>
          </TextLine>
          <TextLine ID="line_10" TAGREFS="LT8" BASELINE="88 375 278 371 776 372" HPOS="88" VPOS="353" WIDTH="688" HEIGHT="26">
            <Shape><Polygon POINTS="88 375 88 379 775 378 776 372 774 353 94 356 88 375"/></Shape>
            <String CONTENT="tus eſt ad reſiſtendum illis, &amp; perſequendum, qua ratione peccatum ipſius factum eſt" HPOS="88" VPOS="353" WIDTH="688" HEIGHT="26" WC="0.9900336677119845"/>
          </TextLine>
          <TextLine ID="line_11" TAGREFS="LT8" BASELINE="88 395 772 392" HPOS="86" VPOS="374" WIDTH="685" HEIGHT="32">
            <Shape><Polygon POINTS="87 394 87 406 770 401 771 391 767 374 86 375 87 394"/></Shape>
            <String CONTENT="longè grauiſsimum. Et quod cognitio aliqua veritatis præire ſoleat, antequam ad bla¬" HPOS="86" VPOS="374" WIDTH="685" HEIGHT="32" WC="0.9868611199014327"/>
          </TextLine>
          <TextLine ID="line_12" TAGREFS="LT8" BASELINE="89 417 772 412" HPOS="87" VPOS="396" WIDTH="684" HEIGHT="31">
            <Shape><Polygon POINTS="88 415 88 427 770 427 771 411 767 396 87 397 88 415"/></Shape>
            <String CONTENT="ſphemiam veniatur, ex eo manifeſtum eſt, quòd fides quoque ſit ex auditu, auditus" HPOS="87" VPOS="396" WIDTH="684" HEIGHT="31" WC="0.9870928242439176"/>
          </TextLine>
          <TextLine ID="line_13" TAGREFS="LT8" BASELINE="89 437 713 436 772 433" HPOS="87" VPOS="417" WIDTH="684" HEIGHT="30">
            <Shape><Polygon POINTS="88 436 88 447 770 445 771 432 767 417 87 417 88 436"/></Shape>
            <String CONTENT="autem per verbum Dei, ideo́ per contrarium incredulitas ſimiliter ex auditu ver¬" HPOS="87" VPOS="417" WIDTH="684" HEIGHT="30" WC="0.9830885345553174"/>
          </TextLine>
          <TextLine ID="line_14" TAGREFS="LT8" BASELINE="89 459 765 457 772 454" HPOS="87" VPOS="436" WIDTH="684" HEIGHT="34">
            <Shape><Polygon POINTS="88 458 88 470 770 467 771 453 765 436 87 436 88 458"/></Shape>
            <String CONTENT="bi eſt. Verbum namque primò proponitur, conſequitur deinde, vt, qui audiunt, cre¬" HPOS="87" VPOS="436" WIDTH="684" HEIGHT="34" WC="0.9869744327010178"/>
          </TextLine>
          <TextLine ID="line_15" TAGREFS="LT8" BASELINE="93 480 764 478 772 475" HPOS="91" VPOS="460" WIDTH="680" HEIGHT="31">
            <Shape><Polygon POINTS="92 479 92 491 770 488 771 474 765 460 91 462 92 479"/></Shape>
            <String CONTENT="dant aut non credant. Huc pertinent verba Chriſti lohan.15. Hæc omnia facient vo¬" HPOS="91" VPOS="460" WIDTH="680" HEIGHT="31" WC="0.9958639939626058"/>
          </TextLine>
          <TextLine ID="line_16" TAGREFS="LT8" BASELINE="90 502 762 500 771 504" HPOS="88" VPOS="479" WIDTH="682" HEIGHT="33">
            <Shape><Polygon POINTS="89 501 89 510 767 512 770 503 769 479 88 480 89 501"/></Shape>
            <String CONTENT="bis propter nomen meum, quia non nouerunt eum qui miſit me. Si non veniſſem &amp;" HPOS="88" VPOS="479" WIDTH="682" HEIGHT="33" WC="0.9879747466607527"/>
          </TextLine>
          <TextLine ID="line_17" TAGREFS="LT8" BASELINE="90 523 640 521 758 523 771 526" HPOS="88" VPOS="503" WIDTH="682" HEIGHT="32">
            <Shape><Polygon POINTS="89 522 89 535 769 533 770 525 769 503 88 504 89 522"/></Shape>
            <String CONTENT="non locutus eſſem ijs, peccatum non haberent, nune aũt non habent, quod prætexant" HPOS="88" VPOS="503" WIDTH="682" HEIGHT="32" WC="0.9865046128994082"/>
          </TextLine>
          <TextLine ID="line_18" TAGREFS="LT8" BASELINE="89 544 771 543" HPOS="87" VPOS="525" WIDTH="683" HEIGHT="32">
            <Shape><Polygon POINTS="765 525 87 525 88 543 88 557 769 557 770 542 767 525 765 525"/></Shape>
            <String CONTENT="peccato ſuo. Qui me odit, &amp; patrem meum odit: Si opera non feciſſem inter eos, quę" HPOS="87" VPOS="525" WIDTH="683" HEIGHT="32" WC="0.9857452971389494"/>
          </TextLine>
          <TextLine ID="line_19" TAGREFS="LT8" BASELINE="90 566 793 566" HPOS="90" VPOS="551" WIDTH="703" HEIGHT="25">
            <Shape><Polygon POINTS="90 566 90 576 793 576 793 566 793 551 95 551 90 566"/></Shape>
            <String CONTENT="nemo alius facit, peccatum non haberent: nunc autem &amp; viderunt, &amp; oderunt, nonſo ·¬" HPOS="90" VPOS="551" WIDTH="703" HEIGHT="25" WC="0.9978898555399424"/>
          </TextLine>
          <TextLine ID="line_20" TAGREFS="LT8" BASELINE="92 587 792 587" HPOS="92" VPOS="571" WIDTH="700" HEIGHT="27">
            <Shape><Polygon POINTS="92 587 92 598 792 598 792 587 792 571 92 571 92 587"/></Shape>
            <String CONTENT="lùm me, verum etiam patrem meum. Ex quibus verbis colligere licet, blaſphemias lu¬ „" HPOS="92" VPOS="571" WIDTH="700" HEIGHT="27" WC="0.9862244164242464"/>
          </TextLine>
          <TextLine ID="line_21" TAGREFS="LT8" BASELINE="93 606 774 608" HPOS="92" VPOS="589" WIDTH="682" HEIGHT="31">
            <Shape><Polygon POINTS="93 606 92 615 773 620 774 608 773 589 93 590 93 606"/></Shape>
            <String CONTENT="dæorum inde natas, quod verbum quidem audiuiſſent, verùm nequaquam credidiſ¬" HPOS="92" VPOS="589" WIDTH="682" HEIGHT="31" WC="0.9836164232972381"/>
          </TextLine>
          <TextLine ID="line_22" TAGREFS="LT8" BASELINE="93 627 775 630" HPOS="92" VPOS="610" WIDTH="683" HEIGHT="27">
            <Shape><Polygon POINTS="93 627 92 635 773 637 775 630 774 616 93 610 93 627"/></Shape>
            <String CONTENT="ſent. Docet etiam Irenæus lib.5. Semper debere cognitionem aliquam præcedere, an¬" HPOS="92" VPOS="610" WIDTH="683" HEIGHT="27" WC="0.995884174917951"/>
          </TextLine>
          <TextLine ID="line_23" TAGREFS="LT8" BASELINE="93 649 775 650" HPOS="92" VPOS="634" WIDTH="683" HEIGHT="23">
            <Shape><Polygon POINTS="93 649 92 656 773 657 775 650 774 636 93 634 93 649"/></Shape>
            <String CONTENT="tequam quis ad blaſphemiam erumpat, addit́ ex luſtini ſententia Satanam antead¬" HPOS="92" VPOS="634" WIDTH="683" HEIGHT="23" WC="0.9987716764211655"/>
          </TextLine>
          <TextLine ID="line_24" TAGREFS="LT8" BASELINE="93 669 776 672" HPOS="92" VPOS="655" WIDTH="684" HEIGHT="24">
            <Shape><Polygon POINTS="93 669 92 677 774 679 776 672 775 656 93 655 93 669"/></Shape>
            <String CONTENT="uentum Domini non auſum blaſphemare Deum, quòd ante id tempus damnationẽ" HPOS="92" VPOS="655" WIDTH="684" HEIGHT="24" WC="0.9992151429524293"/>
          </TextLine>
          <TextLine ID="line_25" TAGREFS="LT8" BASELINE="93 690 776 694" HPOS="92" VPOS="675" WIDTH="684" HEIGHT="26">
            <Shape><Polygon POINTS="93 690 92 697 774 701 776 694 775 677 93 675 93 690"/></Shape>
            <String CONTENT="ſuam certò non ſciuiſſet. Vtrùm autem Satanas antea per ſe, vel per ſuos, Deum non" HPOS="92" VPOS="675" WIDTH="684" HEIGHT="26" WC="0.9951917025304976"/>
          </TextLine>
          <TextLine ID="line_26" TAGREFS="LT8" BASELINE="92 711 775 715" HPOS="91" VPOS="694" WIDTH="684" HEIGHT="28">
            <Shape><Polygon POINTS="92 711 91 722 773 722 775 715 774 695 92 694 92 711"/></Shape>
            <String CONTENT="blaſphemauerit, non eſt præſentis loci plenius excutere. Hæc autem ſufficiunt ad de¬" HPOS="91" VPOS="694" WIDTH="684" HEIGHT="28" WC="0.9965506777876899"/>
          </TextLine>
          <TextLine ID="line_27" TAGREFS="LT8" BASELINE="90 732 776 736" HPOS="89" VPOS="718" WIDTH="687" HEIGHT="29">
            <Shape><Polygon POINTS="90 732 89 741 774 747 776 736 775 720 95 718 90 732"/></Shape>
            <String CONTENT="clarãdum, quod blaſphemia omnis ex incredulitate tanquã fonte emanet. Chryſoſto¬" HPOS="89" VPOS="718" WIDTH="687" HEIGHT="29" WC="0.989727761687302"/>
          </TextLine>
          <TextLine ID="line_28" TAGREFS="LT8" BASELINE="91 754 774 758" HPOS="90" VPOS="737" WIDTH="684" HEIGHT="28">
            <Shape><Polygon POINTS="91 754 90 762 773 765 774 758 773 740 91 737 91 754"/></Shape>
            <String CONTENT="mus lib.3.de Lazaro &amp; diuite, Luc.16. Blaſphemiam ait oriri ex impatientia: Hierony," HPOS="90" VPOS="737" WIDTH="684" HEIGHT="28" WC="0.9906380325555801"/>
          </TextLine>
          <TextLine ID="line_29" TAGREFS="LT8" BASELINE="92 775 776 780" HPOS="91" VPOS="760" WIDTH="685" HEIGHT="27">
            <Shape><Polygon POINTS="92 775 91 782 774 787 776 780 775 762 92 760 92 775"/></Shape>
            <String CONTENT="mus enarrans cap.4. epiſt. ad Epheſ.extra eam collocat. Sed ſi bene expendimus, Im¬" HPOS="91" VPOS="760" WIDTH="685" HEIGHT="27" WC="0.9830685372812202"/>
          </TextLine>
          <TextLine ID="line_30" TAGREFS="LT8" BASELINE="92 797 776 801" HPOS="91" VPOS="782" WIDTH="685" HEIGHT="28">
            <Shape><Polygon POINTS="92 797 91 808 774 810 776 801 775 782 92 782 92 797"/></Shape>
            <String CONTENT="patientia, lra, &amp; ſimiles perturbationes ex incredulitate tanquam ex fonte ebulliunt." HPOS="91" VPOS="782" WIDTH="685" HEIGHT="28" WC="0.9953647227848277"/>
          </TextLine>
          <TextLine ID="line_31" TAGREFS="LT8" BASELINE="93 818 776 821" HPOS="93" VPOS="803" WIDTH="683" HEIGHT="27">
            <Shape><Polygon POINTS="93 818 93 830 775 830 776 821 775 807 93 803 93 818"/></Shape>
            <String CONTENT="Qui enim fidem habet in Deum, non iraſcitur, non eſt impatiens, ſed ſtatuit eum latu¬" HPOS="93" VPOS="803" WIDTH="683" HEIGHT="27" WC="0.9914272350423476"/>
          </TextLine>
          <TextLine ID="line_32" TAGREFS="LT8" BASELINE="93 840 774 845" HPOS="91" VPOS="821" WIDTH="682" HEIGHT="33">
            <Shape><Polygon POINTS="92 839 91 847 770 854 773 844 771 822 92 821 92 839"/></Shape>
            <String CONTENT="rum opem cûm ipſi oportunum videbitur quamobrem nullum ei verbum excidit, ad" HPOS="91" VPOS="821" WIDTH="682" HEIGHT="33" WC="0.9962830086807152"/>
          </TextLine>
          <TextLine ID="line_33" TAGREFS="LT8" BASELINE="93 861 774 865" HPOS="91" VPOS="843" WIDTH="682" HEIGHT="32">
            <Shape><Polygon POINTS="92 860 91 869 770 875 773 864 771 845 92 843 92 860"/></Shape>
            <String CONTENT="Dei ſpectans contumeliam. lob non fuit incredulus, ſed fidelis: quamobrem in tantis" HPOS="91" VPOS="843" WIDTH="682" HEIGHT="32" WC="0.9966405450579632"/>
          </TextLine>
          <TextLine ID="line_34" TAGREFS="LT8" BASELINE="93 881 774 885" HPOS="91" VPOS="861" WIDTH="682" HEIGHT="35">
            <Shape><Polygon POINTS="353 862 340 862 327 862 322 861 228 861 222 861 209 861 196 861 183 861 170 861 157 861 144 861 131 861 118 861 105 861 92 861 92 879 91 890 770 896 773 884 771 866 363 862 353 862"/></Shape>
            <String CONTENT="aduerſitatibus effecta incredulitatis, qualis ſunt lra, Impatientia, Blaſphemia, in" HPOS="91" VPOS="861" WIDTH="682" HEIGHT="35" WC="0.9886876588844391"/>
          </TextLine>
          <TextLine ID="line_35" TAGREFS="LT8" BASELINE="94 902 673 907 774 905" HPOS="92" VPOS="884" WIDTH="681" HEIGHT="36">
            <Shape><Polygon POINTS="93 901 92 912 770 920 773 904 770 888 93 884 93 901"/></Shape>
            <String CONTENT="illo nequaquam conſpiciebantur. Apoſtolus ad Romanos 1o. ait, corde credi ad" HPOS="92" VPOS="884" WIDTH="681" HEIGHT="36" WC="0.9877094242133593"/>
          </TextLine>
          <TextLine ID="line_36" TAGREFS="LT8" BASELINE="94 923 760 929 774 926" HPOS="92" VPOS="905" WIDTH="681" HEIGHT="36">
            <Shape><Polygon POINTS="93 922 92 935 770 941 773 925 769 909 93 905 93 922"/></Shape>
            <String CONTENT="iuſtitiam, ore autem edi confeſsionem ad ſalutem. Ad eundem modum dicere poſ¬" HPOS="92" VPOS="905" WIDTH="681" HEIGHT="36" WC="0.9978687538729085"/>
          </TextLine>
          <TextLine ID="line_37" TAGREFS="LT8" BASELINE="96 944 633 950 771 947" HPOS="95" VPOS="928" WIDTH="676" HEIGHT="32">
            <Shape><Polygon POINTS="96 944 95 954 769 960 771 947 769 935 96 928 96 944"/></Shape>
            <String CONTENT="ſumus, in corde latere incredulitatem, ore autem emitti blaſphemiam, vt, ſicut op¬" HPOS="95" VPOS="928" WIDTH="676" HEIGHT="32" WC="0.9926660249872905"/>
          </TextLine>
          <TextLine ID="line_38" TAGREFS="LT8" BASELINE="99 967 750 972 772 975" HPOS="96" VPOS="947" WIDTH="675" HEIGHT="33">
            <Shape><Polygon POINTS="97 965 96 978 769 980 771 974 771 954 97 947 97 965"/></Shape>
            <String CONTENT="ponuntur fides &amp; incredulitas: ita oppoſita intelligamus confeſsionem fidei &amp; bla¬" HPOS="96" VPOS="947" WIDTH="675" HEIGHT="33" WC="0.9886930156044844"/>
          </TextLine>
          <TextLine ID="line_39" TAGREFS="LT8" BASELINE="94 987 743 994 772 998" HPOS="92" VPOS="969" WIDTH="679" HEIGHT="34">
            <Shape><Polygon POINTS="770 974 758 973 750 970 93 969 93 986 92 994 769 1003 771 997 771 974 770 974"/></Shape>
            <String CONTENT="ſphemiam. Porrò cauſa formalis blaſphemiæ ſunt dicta facta́ quibus il" HPOS="92" VPOS="969" WIDTH="679" HEIGHT="34" WC="0.9739988807221533"/>
          </TextLine>
          <TextLine ID="line_40" TAGREFS="LT8" BASELINE="93 1007 640 1013 772 1017" HPOS="91" VPOS="989" WIDTH="680" HEIGHT="39">
            <Shape><Polygon POINTS="770 997 757 995 744 994 741 993 92 989 92 1006 91 1016 769 1028 771 1016 770 997 770 997"/></Shape>
            <String CONTENT="la committitur. Dictis blaſphemi fuerunt Syri, 1. Reg.20. qui regi ſuo Benhadac" HPOS="91" VPOS="989" WIDTH="680" HEIGHT="39" WC="0.9953831192813342"/>
          </TextLine>
          <TextLine ID="line_41" TAGREFS="LT8" BASELINE="93 1030 772 1038" HPOS="91" VPOS="1012" WIDTH="680" HEIGHT="37">
            <Shape><Polygon POINTS="92 1029 91 1041 769 1049 771 1037 770 1019 92 1012 92 1029"/></Shape>
            <String CONTENT="perſuadebant, reſtaurandum bellum aduerſus Iſraelitas, quandoquidem lſraelita," HPOS="91" VPOS="1012" WIDTH="680" HEIGHT="37" WC="0.9926100327418401"/>
          </TextLine>
          <TextLine ID="line_42" TAGREFS="LT8" BASELINE="93 1051 772 1059" HPOS="91" VPOS="1033" WIDTH="680" HEIGHT="37">
            <Shape><Polygon POINTS="92 1050 91 1059 769 1070 771 1058 770 1041 92 1033 92 1050"/></Shape>
            <String CONTENT="rum Deus non ita poſſet victoriam dare in planicie, quemadmodum dederat in mon" HPOS="91" VPOS="1033" WIDTH="680" HEIGHT="37" WC="0.9963999826174516"/>
          </TextLine>
          <TextLine ID="line_43" TAGREFS="LT8" BASELINE="93 1072 772 1077" HPOS="91" VPOS="1054" WIDTH="680" HEIGHT="36">
            <Shape><Polygon POINTS="92 1071 91 1083 769 1090 771 1076 770 1059 92 1054 92 1071"/></Shape>
            <String CONTENT="tibus. 2.Reg.18. &amp; 19. ſatellites Sanherib regis Aſsyriorum clamitabant, non poſſe" HPOS="91" VPOS="1054" WIDTH="680" HEIGHT="36" WC="0.9843502509884718"/>
          </TextLine>
          <TextLine ID="line_44" TAGREFS="LT8" BASELINE="93 1093 706 1100 772 1098" HPOS="91" VPOS="1073" WIDTH="680" HEIGHT="36">
            <Shape><Polygon POINTS="92 1092 91 1103 769 1109 771 1097 769 1081 92 1073 92 1092"/></Shape>
            <String CONTENT="Deum eripere Hieroſolymitanos ex ipſorum manibus, ſicutnec cæteri Dij ſuos po¬" HPOS="91" VPOS="1073" WIDTH="680" HEIGHT="36" WC="0.9842586318651835"/>
          </TextLine>
          <TextLine ID="line_45" TAGREFS="LT8" BASELINE="93 1115 640 1121 772 1119" HPOS="91" VPOS="1096" WIDTH="680" HEIGHT="37">
            <Shape><Polygon POINTS="92 1114 91 1127 769 1133 771 1118 769 1102 92 1096 92 1114"/></Shape>
            <String CONTENT="pulos ſeruauerant: Sed Eſaias prædixit liberationem, ac tantam blaſphemiam non fe" HPOS="91" VPOS="1096" WIDTH="680" HEIGHT="37" WC="0.9929734240343542"/>
          </TextLine>
          <TextLine ID="line_46" TAGREFS="LT8" BASELINE="95 1135 717 1143 764 1143 777 1138" HPOS="92" VPOS="1118" WIDTH="683" HEIGHT="35">
            <Shape><Polygon POINTS="93 1133 92 1145 773 1153 775 1137 770 1123 93 1118 93 1133"/></Shape>
            <String CONTENT="re impunitam. Facto blaſphemus fuit Achaſia rex lſraelis, qui cum per Cancellos cæ¬" HPOS="92" VPOS="1118" WIDTH="683" HEIGHT="35" WC="0.9881763551608626"/>
          </TextLine>
          <TextLine ID="line_47" TAGREFS="LT8" BASELINE="94 1157 770 1166" HPOS="93" VPOS="1139" WIDTH="677" HEIGHT="36">
            <Shape><Polygon POINTS="94 1157 93 1164 768 1175 770 1166 769 1150 94 1139 94 1157"/></Shape>
            <String CONTENT="naculi delapſus grauiter ægrotaret, nuncios miſit, qui conſulerent Baalzebub Deum" HPOS="93" VPOS="1139" WIDTH="677" HEIGHT="36" WC="0.994520609025602"/>
          </TextLine>
          <TextLine ID="line_48" TAGREFS="LT8" BASELINE="95 1179 773 1186" HPOS="94" VPOS="1160" WIDTH="679" HEIGHT="37">
            <Shape><Polygon POINTS="95 1179 94 1187 367 1194 368 1194 433 1191 440 1195 441 1195 442 1195 443 1195 505 1192 531 1196 532 1196 566 1192 606 1197 607 1197 773 1193 773 1186 773 1172 165 1161 164 1161 146 1165 95 1160 95 1179"/></Shape>
            <String CONTENT="Ecrón, vt ſciret, num ſpes ſupereſſet recuperandæ valetudinis, quaſi nullus eſſet De¬" HPOS="94" VPOS="1160" WIDTH="679" HEIGHT="37" WC="0.9975313294765561"/>
          </TextLine>
          <TextLine ID="line_49" TAGREFS="LT8" BASELINE="96 1199 777 1207" HPOS="95" VPOS="1182" WIDTH="682" HEIGHT="34">
            <Shape><Polygon POINTS="96 1199 95 1207 399 1216 400 1216 776 1215 777 1207 777 1193 167 1182 166 1182 96 1186 96 1199"/></Shape>
            <String CONTENT="us in lſrael, qui poſſet opitulari: ltaque ob eam blaſphemiam obiurgatus eſt ab He¬" HPOS="95" VPOS="1182" WIDTH="682" HEIGHT="34" WC="0.987399921359786"/>
          </TextLine>
          <TextLine ID="line_50" TAGREFS="LT8" BASELINE="96 1221 777 1229" HPOS="95" VPOS="1203" WIDTH="682" HEIGHT="36">
            <Shape><Polygon POINTS="96 1221 95 1229 204 1235 205 1235 246 1232 253 1236 254 1236 255 1236 256 1236 311 1232 322 1237 323 1237 324 1237 388 1233 398 1238 399 1238 400 1238 447 1234 474 1239 475 1239 776 1239 777 1229 776 1215 604 1209 603 1209 566 1212 545 1208 544 1208 488 1212 475 1207 474 1207 473 1207 351 1210 320 1206 320 1206 270 1209 247 1205 246 1205 183 1208 96 1203 96 1221"/></Shape>
            <String CONTENT="lia, &amp; mortuus. 2. Reg.1. Inuenias etiam quoſdam dictis pariter &amp; factis blaſphe¬" HPOS="95" VPOS="1203" WIDTH="682" HEIGHT="36" WC="0.9924033733061802"/>
          </TextLine>
          <TextLine ID="line_51" TAGREFS="LT8" BASELINE="96 1242 777 1251" HPOS="95" VPOS="1225" WIDTH="682" HEIGHT="34">
            <Shape><Polygon POINTS="96 1242 95 1250 775 1259 777 1251 776 1233 96 1225 96 1242"/></Shape>
            <String CONTENT="mos. Paulus non tantùm Sermonibus obſiſtebat veritati, uerum etiam ſæuam mouit" HPOS="95" VPOS="1225" WIDTH="682" HEIGHT="34" WC="0.9959491015989569"/>
          </TextLine>
          <TextLine ID="line_52" TAGREFS="LT8" BASELINE="94 1264 776 1272" HPOS="93" VPOS="1245" WIDTH="683" HEIGHT="36">
            <Shape><Polygon POINTS="94 1264 93 1273 774 1281 776 1272 776 1253 94 1245 94 1264"/></Shape>
            <String CONTENT="perſecutionẽ. Origenes in Euãgeliũ lohan.39. diſſerẽs de prophetia Caiaphæ, ait, bla¬" HPOS="93" VPOS="1245" WIDTH="683" HEIGHT="36" WC="0.9928522009528085"/>
          </TextLine>
          <TextLine ID="line_53" TAGREFS="LT8" BASELINE="95 1285 777 1294" HPOS="94" VPOS="1271" WIDTH="683" HEIGHT="47">
            <Shape><Polygon POINTS="95 1285 94 1313 215 1315 216 1315 217 1315 249 1301 276 1300 306 1312 306 1312 307 1312 308 1312 340 1302 384 1309 385 1309 386 1309 410 1302 452 1318 453 1318 453 1318 454 1318 486 1308 520 1308 565 1317 566 1317 593 1311 600 1315 600 1315 601 1315 602 1315 603 1315 629 1305 646 1312 647 1312 648 1312 649 1312 663 1305 775 1307 777 1294 776 1279 95 1271 95 1285"/></Shape>
            <String CONTENT="ſphemare eu in SpirituS, operibꝰ &amp; ſermonibus, qui peccat Spritu S. preſente in eius" HPOS="94" VPOS="1271" WIDTH="683" HEIGHT="47" WC="0.9811259330738158"/>
          </TextLine>
        </TextBlock>
        <TextBlock HPOS="203" VPOS="145" WIDTH="435" HEIGHT="22" ID="block_2" TAGREFS="BT18">
          <Shape><Polygon POINTS="634 148 638 167 205 166 203 145"/></Shape>
          <TextLine ID="line_54" TAGREFS="LT8" BASELINE="211 159 636 161" HPOS="211" VPOS="137" WIDTH="395" HEIGHT="31">
            <Shape><Polygon POINTS="593 145 585 145 576 145 567 145 559 145 550 145 541 145 533 145 524 145 515 145 506 145 498 145 489 145 480 145 472 145 463 145 454 145 446 145 437 145 428 145 420 145 411 145 402 145 393 145 385 145 376 145 367 145 359 145 350 145 341 145 333 145 324 145 315 145 306 145 298 145 289 145 280 145 272 145 271 143 270 143 257 137 256 137 255 137 211 137 211 159 211 168 606 168 606 159 606 145 602 145"/></Shape>
            <String CONTENT="AD TIMOTHEVM CAP." HPOS="211" VPOS="137" WIDTH="395" HEIGHT="31" WC="0.9987194923793569"/>
          </TextLine>
        </TextBlock>
        <TextBlock HPOS="757" VPOS="151" WIDTH="22" HEIGHT="19" ID="block_3" TAGREFS="BT15">
          <Shape><Polygon POINTS="779 151 779 170 757 170 757 151"/></Shape>
          <TextLine ID="line_55" TAGREFS="LT8" BASELINE="760 164 774 164" HPOS="758" VPOS="151" WIDTH="15" HEIGHT="23">
            <Shape><Polygon POINTS="771 151 758 151 758 162 758 172 771 174 773 162 773 151 771 151"/></Shape>
            <String CONTENT="31" HPOS="758" VPOS="151" WIDTH="15" HEIGHT="23" WC="0.9999914765357971"/>
          </TextLine>
        </TextBlock>
        <TextBlock HPOS="776" VPOS="164" WIDTH="88" HEIGHT="185" ID="block_4" TAGREFS="BT3553">
          <Shape><Polygon POINTS="864 164 864 349 776 349 776 164"/></Shape>
          <TextLine ID="line_56" TAGREFS="LT8" BASELINE="777 181 839 181" HPOS="775" VPOS="156" WIDTH="63" HEIGHT="38">
            <Shape><Polygon POINTS="775 165 775 179 775 190 837 194 838 179 837 156 775 157 775 165"/></Shape>
            <String CONTENT="Cauſſe (i" HPOS="775" VPOS="156" WIDTH="63" HEIGHT="38" WC="0.9162599974208407"/>
          </TextLine>
          <TextLine ID="line_57" TAGREFS="LT8" BASELINE="777 199 825 199" HPOS="775" VPOS="181" WIDTH="48" HEIGHT="34">
            <Shape><Polygon POINTS="814 181 801 181 788 181 775 181 775 198 775 213 822 215 823 198 823 181 814 181"/></Shape>
            <String CONTENT="ens bla" HPOS="775" VPOS="181" WIDTH="48" HEIGHT="34" WC="0.89964645249503"/>
          </TextLine>
          <TextLine ID="line_58" TAGREFS="LT8" BASELINE="777 222 846 219" HPOS="774" VPOS="202" WIDTH="70" HEIGHT="32">
            <Shape><Polygon POINTS="774 215 775 221 775 230 843 234 844 218 840 202 782 204 774 215"/></Shape>
            <String CONTENT="mie (uu" HPOS="774" VPOS="202" WIDTH="70" HEIGHT="32" WC="0.9277672852788653"/>
          </TextLine>
          <TextLine ID="line_59" TAGREFS="LT8" BASELINE="777 241 797 241 824 239" HPOS="774" VPOS="221" WIDTH="49" HEIGHT="30">
            <Shape><Polygon POINTS="775 239 775 251 822 250 823 238 821 222 774 221 775 239"/></Shape>
            <String CONTENT="dulitas." HPOS="774" VPOS="221" WIDTH="49" HEIGHT="30" WC="0.9965847730636597"/>
          </TextLine>
          <TextLine ID="line_60" TAGREFS="LT8" BASELINE="776 259 842 257" HPOS="776" VPOS="239" WIDTH="66" HEIGHT="32">
            <Shape><Polygon POINTS="776 259 776 271 842 269 842 257 840 239 781 246 776 259"/></Shape>
            <String CONTENT="περηαρ" HPOS="776" VPOS="239" WIDTH="66" HEIGHT="32" WC="0.8674306422472"/>
          </TextLine>
          <TextLine ID="line_61" TAGREFS="LT8" BASELINE="778 274 854 277" HPOS="777" VPOS="263" WIDTH="77" HEIGHT="27">
            <Shape><Polygon POINTS="778 274 777 284 853 290 854 277 853 265 778 263 778 274"/></Shape>
            <String CONTENT="duiæ &amp; dmi¬" HPOS="777" VPOS="263" WIDTH="77" HEIGHT="27" WC="0.9799450527537953"/>
          </TextLine>
          <TextLine ID="line_62" TAGREFS="LT8" BASELINE="777 293 787 296 849 297" HPOS="774" VPOS="278" WIDTH="74" HEIGHT="34">
            <Shape><Polygon POINTS="774 306 846 312 848 295 848 278 778 278 775 291 774 306"/></Shape>
            <String CONTENT="σiæ coniun¬" HPOS="774" VPOS="278" WIDTH="74" HEIGHT="34" WC="0.9915933012962341"/>
          </TextLine>
          <TextLine ID="line_63" TAGREFS="LT8" BASELINE="777 313 784 315 800 313" HPOS="775" VPOS="297" WIDTH="24" HEIGHT="28">
            <Shape><Polygon POINTS="787 297 775 297 775 312 775 325 799 325 799 312 796 297 787 297"/></Shape>
            <String CONTENT="cta" HPOS="775" VPOS="297" WIDTH="24" HEIGHT="28" WC="0.9994856119155884"/>
          </TextLine>
          <TextLine ID="line_64" TAGREFS="LT8" BASELINE="777 334 781 335 826 335" HPOS="775" VPOS="316" WIDTH="50" HEIGHT="37">
            <Shape><Polygon POINTS="775 333 775 353 794 346 822 350 825 334 823 316 775 316 775 333"/></Shape>
            <String CONTENT="act22." HPOS="775" VPOS="316" WIDTH="50" HEIGHT="37" WC="0.9547437429428101"/>
          </TextLine>
        </TextBlock>
        <TextBlock HPOS="777" VPOS="378" WIDTH="86" HEIGHT="171" ID="block_5" TAGREFS="BT3553">
          <Shape><Polygon POINTS="863 378 863 549 777 549 777 378"/></Shape>
          <TextLine ID="line_65" TAGREFS="LT8" BASELINE="778 392 852 392" HPOS="777" VPOS="371" WIDTH="74" HEIGHT="38">
            <Shape><Polygon POINTS="777 391 777 404 850 409 851 391 851 372 777 371 777 391"/></Shape>
            <String CONTENT="Roman.19." HPOS="777" VPOS="371" WIDTH="74" HEIGHT="38" WC="0.9323680268393623"/>
          </TextLine>
          <TextLine ID="line_66" TAGREFS="LT8" BASELINE="778 412 826 412" HPOS="777" VPOS="393" WIDTH="48" HEIGHT="30">
            <Shape><Polygon POINTS="777 411 777 423 825 423 825 411 825 396 777 393 777 411"/></Shape>
            <String CONTENT="Eſas3." HPOS="777" VPOS="393" WIDTH="48" HEIGHT="30" WC="0.8343305339415868"/>
          </TextLine>
          <TextLine ID="line_67" TAGREFS="LT8" BASELINE="778 433 854 430" HPOS="775" VPOS="409" WIDTH="78" HEIGHT="38">
            <Shape><Polygon POINTS="814 413 801 413 788 413 783 411 775 411 777 432 777 447 853 447 853 428 850 409 814 410 814 413"/></Shape>
            <String CONTENT="Incredeline" HPOS="775" VPOS="409" WIDTH="78" HEIGHT="38" WC="0.9527410431341692"/>
          </TextLine>
          <TextLine ID="line_68" TAGREFS="LT8" BASELINE="778 452 782 451 849 450" HPOS="775" VPOS="434" WIDTH="73" HEIGHT="26">
            <Shape><Polygon POINTS="777 450 777 460 848 458 848 449 844 434 775 434 777 450"/></Shape>
            <String CONTENT="carent uer¬" HPOS="775" VPOS="434" WIDTH="73" HEIGHT="26" WC="0.9799469655210321"/>
          </TextLine>
          <TextLine ID="line_69" TAGREFS="LT8" BASELINE="778 473 786 470 846 471" HPOS="775" VPOS="452" WIDTH="69" HEIGHT="27">
            <Shape><Polygon POINTS="777 471 775 479 843 479 844 470 842 452 777 452 777 471"/></Shape>
            <String CONTENT="bo Dei, cuï" HPOS="775" VPOS="452" WIDTH="69" HEIGHT="27" WC="0.9115916242202123"/>
          </TextLine>
          <TextLine ID="line_70" TAGREFS="LT8" BASELINE="775 490 855 490" HPOS="775" VPOS="474" WIDTH="80" HEIGHT="29">
            <Shape><Polygon POINTS="775 490 775 503 855 498 855 490 854 474 781 476 775 490"/></Shape>
            <String CONTENT="per blaſphe" HPOS="775" VPOS="474" WIDTH="80" HEIGHT="29" WC="0.9798077561638572"/>
          </TextLine>
          <TextLine ID="line_71" TAGREFS="LT8" BASELINE="775 507 782 510 853 510" HPOS="773" VPOS="491" WIDTH="79" HEIGHT="34">
            <Shape><Polygon POINTS="774 506 773 525 851 525 852 509 850 491 774 492 774 506"/></Shape>
            <String CONTENT="miam refra¬" HPOS="773" VPOS="491" WIDTH="79" HEIGHT="34" WC="0.9940129355950789"/>
          </TextLine>
          <TextLine ID="line_72" TAGREFS="LT8" BASELINE="775 527 778 528 824 530" HPOS="773" VPOS="512" WIDTH="50" HEIGHT="34">
            <Shape><Polygon POINTS="774 521 774 526 773 540 786 540 786 542 821 546 823 529 822 513 784 512 774 521"/></Shape>
            <String CONTENT="gantur." HPOS="773" VPOS="512" WIDTH="50" HEIGHT="34" WC="0.9860019854136876"/>
          </TextLine>
        </TextBlock>
        <TextBlock HPOS="774" VPOS="830" WIDTH="94" HEIGHT="361" ID="block_6" TAGREFS="BT3553">
          <Shape><Polygon POINTS="868 830 868 1191 774 1191 774 830"/></Shape>
          <TextLine ID="line_73" TAGREFS="LT8" BASELINE="779 845 843 846" HPOS="777" VPOS="822" WIDTH="65" HEIGHT="32">
            <Shape><Polygon POINTS="778 844 777 854 840 853 842 845 840 825 778 822 778 844"/></Shape>
            <String CONTENT="Fide uera" HPOS="777" VPOS="822" WIDTH="65" HEIGHT="32" WC="0.9972691138585409"/>
          </TextLine>
          <TextLine ID="line_74" TAGREFS="LT8" BASELINE="779 866 853 866" HPOS="778" VPOS="848" WIDTH="74" HEIGHT="30">
            <Shape><Polygon POINTS="778 865 778 878 852 874 852 865 852 848 778 848 778 865"/></Shape>
            <String CONTENT="præditi non" HPOS="778" VPOS="848" WIDTH="74" HEIGHT="30" WC="0.9986741542816162"/>
          </TextLine>
          <TextLine ID="line_75" TAGREFS="LT8" BASELINE="779 885 854 885" HPOS="778" VPOS="868" WIDTH="75" HEIGHT="29">
            <Shape><Polygon POINTS="778 884 778 897 853 895 853 884 852 868 778 868 778 884"/></Shape>
            <String CONTENT="fundunt bla" HPOS="778" VPOS="868" WIDTH="75" HEIGHT="29" WC="0.9631327228112654"/>
          </TextLine>
          <TextLine ID="line_76" TAGREFS="LT8" BASELINE="779 905 852 903" HPOS="777" VPOS="887" WIDTH="74" HEIGHT="30">
            <Shape><Polygon POINTS="778 904 778 917 851 912 851 901 847 887 777 888 778 904"/></Shape>
            <String CONTENT="ſphemias in" HPOS="777" VPOS="887" WIDTH="74" HEIGHT="30" WC="0.9732334397055886"/>
          </TextLine>
          <TextLine ID="line_77" TAGREFS="LT8" BASELINE="779 925 781 924 826 922" HPOS="777" VPOS="904" WIDTH="48" HEIGHT="31">
            <Shape><Polygon POINTS="778 924 778 935 825 930 825 921 821 904 777 907 778 924"/></Shape>
            <String CONTENT="Deum." HPOS="777" VPOS="904" WIDTH="48" HEIGHT="31" WC="0.9943161487579346"/>
          </TextLine>
          <TextLine ID="line_78" TAGREFS="LT8" BASELINE="779 945 853 942" HPOS="777" VPOS="921" WIDTH="75" HEIGHT="31">
            <Shape><Polygon POINTS="778 944 778 952 852 950 852 941 848 921 777 926 778 944"/></Shape>
            <String CONTENT="In torde la¬" HPOS="777" VPOS="921" WIDTH="75" HEIGHT="31" WC="0.9321279972791672"/>
          </TextLine>
          <TextLine ID="line_79" TAGREFS="LT8" BASELINE="777 962 853 962" HPOS="777" VPOS="945" WIDTH="76" HEIGHT="29">
            <Shape><Polygon POINTS="777 962 777 969 826 974 826 974 853 969 853 962 853 946 777 945 777 962"/></Shape>
            <String CONTENT="tet ineredu¬" HPOS="777" VPOS="945" WIDTH="76" HEIGHT="29" WC="0.9997008939584097"/>
          </TextLine>
          <TextLine ID="line_80" TAGREFS="LT8" BASELINE="780 976 810 981" HPOS="775" VPOS="963" WIDTH="35" HEIGHT="31">
            <Shape><Polygon POINTS="807 963 794 963 780 963 779 974 775 989 805 994 809 980 810 963 807 963"/></Shape>
            <String CONTENT="Ititas." HPOS="775" VPOS="963" WIDTH="35" HEIGHT="31" WC="0.8814275690487453"/>
          </TextLine>
          <TextLine ID="line_81" TAGREFS="LT8" BASELINE="780 1000 783 1000 853 1000" HPOS="779" VPOS="977" WIDTH="73" HEIGHT="35">
            <Shape><Polygon POINTS="779 999 779 1012 852 1010 852 999 851 977 779 981 779 999"/></Shape>
            <String CONTENT="Exorema¬" HPOS="779" VPOS="977" WIDTH="73" HEIGHT="35" WC="0.9760707393288612"/>
          </TextLine>
          <TextLine ID="line_82" TAGREFS="LT8" BASELINE="780 1018 855 1020" HPOS="778" VPOS="999" WIDTH="75" HEIGHT="34">
            <Shape><Polygon POINTS="844 1000 831 1000 818 1000 814 1000 779 1000 779 1017 778 1030 851 1033 853 1019 852 999 844 999 844 1000"/></Shape>
            <String CONTENT="nu blaſphe¬" HPOS="778" VPOS="999" WIDTH="75" HEIGHT="34" WC="0.9717318469827826"/>
          </TextLine>
          <TextLine ID="line_83" TAGREFS="LT8" BASELINE="780 1038 807 1038" HPOS="779" VPOS="1021" WIDTH="26" HEIGHT="29">
            <Shape><Polygon POINTS="779 1037 779 1050 805 1050 805 1037 805 1021 779 1021 779 1037"/></Shape>
            <String CONTENT="mia." HPOS="779" VPOS="1021" WIDTH="26" HEIGHT="29" WC="0.999626636505127"/>
          </TextLine>
          <TextLine ID="line_84" TAGREFS="LT8" BASELINE="780 1059 857 1060" HPOS="778" VPOS="1025" WIDTH="78" HEIGHT="47">
            <Shape><Polygon POINTS="805 1037 792 1038 779 1038 779 1058 778 1067 853 1072 856 1059 855 1025 808 1033 805 1037"/></Shape>
            <String CONTENT="Cafafoma" HPOS="778" VPOS="1025" WIDTH="78" HEIGHT="47" WC="0.8766745887696743"/>
          </TextLine>
          <TextLine ID="line_85" TAGREFS="LT8" BASELINE="780 1077 849 1078" HPOS="778" VPOS="1059" WIDTH="70" HEIGHT="27">
            <Shape><Polygon POINTS="805 1059 792 1059 779 1059 779 1076 778 1086 847 1085 848 1077 847 1060 813 1059 805 1059"/></Shape>
            <String CONTENT="us blaſphe¬" HPOS="778" VPOS="1059" WIDTH="70" HEIGHT="27" WC="0.9967143589800055"/>
          </TextLine>
          <TextLine ID="line_86" TAGREFS="LT8" BASELINE="780 1098 856 1096" HPOS="778" VPOS="1079" WIDTH="77" HEIGHT="31">
            <Shape><Polygon POINTS="779 1097 779 1110 853 1106 855 1094 851 1079 778 1079 779 1097"/></Shape>
            <String CONTENT="miæin dictis" HPOS="778" VPOS="1079" WIDTH="77" HEIGHT="31" WC="0.9842912058035532"/>
          </TextLine>
          <TextLine ID="line_87" TAGREFS="LT8" BASELINE="780 1118 854 1117" HPOS="779" VPOS="1098" WIDTH="74" HEIGHT="35">
            <Shape><Polygon POINTS="779 1116 779 1127 852 1133 853 1116 852 1098 779 1098 779 1116"/></Shape>
            <String CONTENT="&amp; factis po" HPOS="779" VPOS="1098" WIDTH="74" HEIGHT="35" WC="0.9571335857564752"/>
          </TextLine>
          <TextLine ID="line_88" TAGREFS="LT8" BASELINE="780 1137 782 1136 825 1137" HPOS="778" VPOS="1119" WIDTH="45" HEIGHT="27">
            <Shape><Polygon POINTS="779 1136 778 1145 821 1146 823 1136 822 1119 779 1119 779 1136"/></Shape>
            <String CONTENT="pita est." HPOS="778" VPOS="1119" WIDTH="45" HEIGHT="27" WC="0.9695750077565511"/>
          </TextLine>
          <TextLine ID="line_89" TAGREFS="LT8" BASELINE="778 1156 825 1154" HPOS="777" VPOS="1142" WIDTH="48" HEIGHT="23">
            <Shape><Polygon POINTS="778 1156 778 1165 824 1164 825 1154 823 1142 777 1142 778 1156"/></Shape>
            <String CONTENT="Eſa.37." HPOS="777" VPOS="1142" WIDTH="48" HEIGHT="23" WC="0.9373794198036194"/>
          </TextLine>
          <TextLine ID="line_90" TAGREFS="LT8" BASELINE="780 1174 833 1176" HPOS="779" VPOS="1158" WIDTH="54" HEIGHT="34">
            <Shape><Polygon POINTS="780 1174 779 1190 832 1192 833 1176 833 1161 780 1158 780 1174"/></Shape>
            <String CONTENT="1.Reg.1." HPOS="779" VPOS="1158" WIDTH="54" HEIGHT="34" WC="0.9840182438492775"/>
          </TextLine>
        </TextBlock>
        <TextBlock HPOS="619" VPOS="1303" WIDTH="165" HEIGHT="26" ID="block_7" TAGREFS="BT17">
          <Shape><Polygon POINTS="784 1303 784 1329 619 1329 619 1303"/></Shape>
          <TextLine ID="line_91" TAGREFS="LT8" BASELINE="633 1314 773 1315" HPOS="632" VPOS="1303" WIDTH="141" HEIGHT="30">
            <Shape><Polygon POINTS="772 1303 763 1303 754 1303 746 1303 737 1303 728 1303 720 1303 711 1303 702 1303 693 1303 685 1303 676 1303 667 1303 659 1303 650 1303 641 1303 633 1303 633 1314 632 1333 772 1331 773 1315 772 1303 772 1303"/></Shape>
            <String CONTENT="c 4 anima" HPOS="632" VPOS="1303" WIDTH="141" HEIGHT="30" WC="0.9996671279271444"/>
          </TextLine>
        </TextBlock>
      </PrintSpace>
    </Page>
  </Layout>
</alto>
