1000 1564
82 145 700 37 confidit in homine, & ponit carnem brachium ſuũ, & à domino recedit cor eius. Sunt

83 167 687 33 qui confidunt in virtute ſua: alij in multitudine diuitiarum ſuarum gloriantur: alij ſuã

82 190 685 35 iuſtitiam cum ludæis volentes ſtatuere, iuſtitię Dei non ſubduntur: alij hypocritæ fin¬

85 212 681 35 gunt ſe in Chriſtum ſperare, cum tamen Chriſtum non habeant: verùm hi omnes in

83 229 679 36 deſperationem & laqueos diaboli tandem incidunt. Talium nam ſpes, vt inquit ſapl

83 252 694 36 ens, eſt quaſi lanugo, quæ à vento tollitur, & tanquã ſpuma gracilis, quæ à procella di¬

84 269 696 41 ſpergitur, & tanquã fumus, qui à vento diffuſus eſt, & tanquã memoria hoſpitis vnius

87 301 148 30 diei prætereuntis.

211 129 417 27 AD TIMOTHEVM CAP. I.

108 324 662 29 Timotheo germano filio.) Filium vocat hebraica conſuetudine: quia ſeniores ſic ap¬

86 338 682 36 nellare ſolent quoſcun iuniores: item præceptores ſuos diſcipulos: Vnde quidã filij

86 358 684 39 prophetarum nominantur. Sed ideò maximé vocat filium, quia inſtituit illum in do¬

86 384 682 31 ctrina fidei ac religionis. Nã in huiuſmodi generatio ſpiritualis ſpectatur:I. Corint.4.

86 403 685 34 Etiamſi innumeros pædagogos habeatis in Chriſto, non multos tamẽ habetis patres:

86 424 695 36 ſiquidem in Chriſto leſu per Euangelium ego vos genui. Et ibidem Timotheum vo¬ ‟

86 448 682 31 cat dilectum filium & fidelem in domino. Galat.4 Filioli mei, quos iterum parturio,

86 465 683 36 donec formetur Chriſtus in vobis. Sic etiam in veteri teſtamento (vt dixi) filij appel¬

86 488 682 34 lati ſunt diſcipuli ſiue auditores à ſuis magiſtris: vnde Solomon in Prouerbijs ſępe ait,

84 509 678 35 Fili mi, cũ tamen ad quẽlibet doctrinæ eapacẽ ei ſermo ſit. Et per generationẽ ſpiritu:

84 530 678 39 Iẽ filij Abrahæ vocantur, qui fidẽ at opera Abrahę faciunt, filij Sarę liberæ, in ſpiritu

86 552 676 33 nõ ſecundũ carnẽ. Hæc vera & firma generatio eſt, inquit Ambroſius, quæ neſcit oc

89 577 682 32 caſum, neſcit morbos & peſtilentiã, & quęignorat famẽ & ſitim. Ob has cauſas, & ma

90 594 680 35 ximè quia apoſtolus Timotheũ ſpiritualiter Chriſto genuit, & quia Timotheus Pau¬

89 616 681 36 lũ per omnia, præcipuè aũt in fide, referebat, ideo Pauli fillus in fide rectè dicitur. Di¬

88 641 683 31 gnus tali patre Timotheus, & dignus tali filio Paulus vter ab inuicẽ gloriã accipiẽs,

88 659 684 33 vter in propagando Euangelio iuxtà diligens. Et cùm Apoſtolus filiũ in fide Timo¬

87 682 685 30 theũ appellat, tacitè inſinuat, dãdã ei operã, vt in ſana doctrina fidei perſeueret, nihil́

86 705 686 33 ſic requiri à quocũ Epiſcopo,  vt fidẽ incolumẽ tueatur & apud ſuos promoueat.

108 735 665 23 Germanum autem vocat yνησιον, ꝙ ingenio, fide, diligentia, ardore in promouendo

86 746 687 33 Euangelio, iuuandis́ eccleſiis Paulum per omnia referret exprimeret́. Vnde ſic

87 771 686 26 quo de eo apud Philippẽſes 2. Neminẽ habeo pari mecũ animo præditũ, qui germa

86 790 686 33 nè (ννοσίως) res veſtras curaturus ſit. Multũ aũt refert, qualibus hominibus cõmittan

87 814 685 27 tur eccleſiæ gubernandæ. Prouidere debent Epiſcopi, vt exploratos & ſatis notos ad

86 832 681 36 hoc munus exemplo Pauli eligant. Neceſſe etiam eſt, eos, qui in munere eccleſiaſtico

87 853 680 31 verſantur, habere fidos & germanos collegas, qualẽ Apoſtolus Timotheũ hîc prędi¬

88 875 679 33 cat: quẽ alibi quo collegã & cooperarium ſibi adiũgit: Vnde in quibuſdã epiſtolis

89 894 678 32 nomẽ Timothei cũ ſuo in falutatione ponit, nẽpe in 2.ad Corinth ad Philippenſes, ag

93 921 672 27 Coloſſenſes 1. & 2. Theſſalonicenſes, ad Philemonem: In quibuſdã verò promittit, q

91 939 676 30 velit eũ mittere ad eccleſias viſitãdas, inſtaurandas, confirmandas. Laus hæc excitaré

93 960 677 29 Timotheũ ad ſingularẽ incredibilẽ́ diligentiã potuit, facere ne quid ſe ſua́ pſo¬

90 981 683 30 na indignũ cõmitteret, nihil́ prętermitteret, qd'ad muneris dignitatẽ deſideraretur.

754 132 12 24 5

769 222 62 49 Sapieuss.

769 503 56 35 Iobans.

767 527 55 30 Rom.o.

769 544 68 51 Gdats4

111 1011 662 22 Gratia, miſericordia pax) Gratiã precatur & pacẽ, quemadmodum aliâs in omnibus

90 1027 684 26 epiſtolis. Miſericordiã aũt tantum in duabus his ad Timoth. & illa ad Titum Etſi aũt

90 1048 683 28 nõnullis placeat, adijci poſſe miſericordiã, ad interpretandũ, quid ſibi velit gratia:nõ¬

89 1071 685 29 nulli aũt additã malunt vehementi quodã affectu, quo Apoſtolus de ſalute Timothei

88 1093 684 24 admodũ erat ſolicitus. Attamẽ ſi reſpiciamus, quid tota hac epiſtola agatur, iudicabi¬

88 1110 679 31 mus nomine miſericordiæ ſignificari ſingulare Dei preſidiq̃ & auxiliũ, item́ eximia

88 1129 679 33 dona, quibus, qui eccleſiis præſunt, opus habẽt in tã ſublimi atꝙ longe difficilimo mu

89 1150 678 33 nere. Reuera enim niſi Deus præclaris donis illos ornet ac miſerſcordia ſingulari adit

89 1171 678 34 uet in laboribus conſtituendarũ eccleſiarũ, non poteſt ſieri,ut ad gloriã Dei & utilita.

91 1193 679 34 tẽ hominũ aliquid perficiant. Ac de ſingulari miſerſcordia, quæ hie, qui ad miniſteriõ

91 1214 679 34 ordinantur, eſt neceſſarſa:ita rurſus apoſtolus2 ad Corinth.4. Cum miniſteriu hocha

91 1238 679 32 beamus ut noſtri miſertus eſt Deus, nõ degeneramus, ſed retecimus occultamẽta de¬

91 1259 679 33 decoris, nõ uerſantes per aſtutiã, ne dolo tractantes uerbu Dei, ſed manſfeſtatione

91 1282 696 30 ueritatis cõmẽdamus noſipſos apud omnẽ cõſcientiã hominũ in cõſpectu Del. Et ſta„

93 1305 700 45 tim icapite preſentis epiſſtole, Gratiã habeo qui me potẽtẽ reddidit, Chriſto leſu dño te

773 818 75 42 Multun re

774 849 76 33 fert, delectũ

773 871 75 30 haberi eori,

773 891 75 27 qui ad eccle¬

772 912 79 29 ſiæ guberna

771 932 79 32 tionẽ admit¬

771 948 47 41 tuntur.

773 1101 70 36 Nifxiear?

774 1128 77 29 dia hic auxi¬

778 1148 74 31 ium & cha

775 1167 77 33 riſmaraſigni

773 1192 80 24 ficat, quæ in

777 1209 75 30 ijs requirun

774 1227 72 26 tur, qui Ec¬

775 1247 77 30 cleſiæɇ mune

774 1264 74 41 racapeßĩt.

618 1333 68 30 a 3

702 1334 75 34 noſtro,
