1000 1564
221 147 28 27 34

388 147 391 27 IN I. EPIST. D. PAVLI

140 198 71 37 Peccatũad

142 226 63 27 mortem.

142 247 64 37 1Ioan.5.

144 337 75 23 Blaſphemi¬

144 353 76 26 in Filiumre

145 374 68 21 mißibilis.

143 385 73 33 Blaſphemi

143 407 73 33 in Spiritum

143 427 73 29 Sanctum ij

144 445 72 45 renſſibilie

168 728 54 47 Caſe

143 757 79 36 Peccatum in

144 782 72 31 Spiritums

147 806 68 24 duabus de

146 821 72 27 eauſis irre¬

146 844 63 24 mißibile.

146 856 65 35 2. Cauſſa

143 875 77 33 eur nou re¬

144 897 80 34 mittatuerpec

146 917 73 34 catũ in Spi¬

147 940 67 32 ritums.

150 1151 65 22 Definitio

151 1172 68 25 peccati in

150 1186 74 35 Spiritum s.

148 1213 80 40 Donx aifge

148 1243 80 31 tonis fpiri¬

149 1264 79 28 tuum in pri¬

149 1282 79 43 muua eccle

150 1304 34 43 ſia

204 169 714 26 „ reliqua eſt hoſtia, ſed formidabilis quædã expectatio iudicij, & ignis vehementia, qui

207 187 708 29 „ deuoraturus eſt aduerſarios. Et quia huic peccato negatur remiſsio, ideoκατ' ἐξογην voᛘ

221 204 692 33 catur peccatum ad mortem, nec eſt pro eo orandum.. lohan.5. Si quis viderit fratrem

220 227 695 31 ſuum peccare peccatum non ad mortem, petet & dabit ei ueniam: peccantibus dico

219 249 697 30 non ad mortem. Eſt peccatum ad mortem, non pro illo dico vt roges. Omnis iniqui¬

205 271 713 34 „ tas peccatum eſt, ſed eſt peccatum, quod non eſt ad mortẽ. Ex his proinde licet col¬

206 296 712 27 „ ligere blaſphemiam, quæ remittitur, nempe quæ fit ex ignorantia, recte ſtatui blaſpheᛘ

212 316 706 28 „ miam in filium: Eam verò, quæ non remittitur, quæ fit voluntate ſiue malitia volun¬

225 337 693 27 taria, blaſphemiam eſſe in Spiritum Sanctum. lta qui veritatem nõdum tenent, ne

226 356 692 32 Spiritu Sancto ſunt illuminati, & quoad poſſunt veritati reſiſtunt, maledicunt, conas¬

225 375 692 34 tur eam interuertere, tales ſiue in perſonã patris, ſiue in perſonã filij, adde etiã in perſo

225 397 691 37 nam Spiritus Sancti conuitia coniecerint, dicuntur per ignorantiã peccare: quando¬

225 418 691 35 quidẽ iudicare rectius nõ poſſunt, facturi procul dubio aliter, ſi melius edocti eſſent.

225 439 692 35 Quare ſpes eſt remitti eiuſmodi blaſphemiam poſſe. Addidi etiã de perſona Spiritus

225 466 694 31 Sancti, ꝙ in hac parte, in blaſphemia, inquã, per ignorantiã, non ſit neceſſe diſcrimen

224 489 693 27 inter perſonas præcipuè notare: ſed potius ſpectanda eſt ipſa blaſphemię origo, igno

224 507 692 30 rantia videlicet. Probatur id autoritate Stephani Actor.7. qui pro illis generatim orat,

226 529 693 28 quos paulô anté dixerat ſpiritui ſancto ſemper reſtitiſſe: in quorũ numero erat etiam

225 552 693 29 Paulus, qui poſtea eſt cõuerſus. Reſiſtebãt illi ſpiritui ſancto, & peccabant in ſpiritum

224 570 695 31 ſanctũ, ſed adhuc per ignorantiã, aliâs nequaquã pro illis oraſſet. Si aũt aliqui veritatẽ

225 595 695 28 tenuerint, at à ſpiritu ſancto fuerint ſatis edocti, & interim pergunt, reluctante pro¬

225 616 695 32 pria conſcientia, traditam de Deo rebus́ diuinis veritatem ſcientes ac volentes im¬

226 637 694 33 pugnare, hi propriè peccant in ſpiritum ſanctũ, ne his ſpes veniæ vlla ſupereſt. Ideo

226 659 693 30 autem huiuſmodi peccatum dicimus appellari propriè peccatum ſiue blaſphemiã in

226 681 694 28 ſpiritum ſanctum, quia omnis cognitio veritatis à ſpiritu ſancto eſt, & ſine ſpiritus ſan

225 702 695 27 cti occulta reuelatione at inſpiratione veritatem non poſſumus confiteri. lohan.16.

224 720 695 34 1.ad Corinth.2. 1.lohan.2. Qui non fuerint ita edocti, non poſſunt eadem ratione cul¬

226 741 693 35 pari velut peccantes in ſpiritum ſanctum. Eſt porrò tale peccatũ irremiſsibile ob duas

228 763 691 33 cauſſas. 1. Quia reuera eſt per ſe longè grauiſsimum. Quis enim non iudicet in¬

225 783 694 35 digniſsimum eſſe, quod, qui ſemel fuerunt illuminati ac participes facti ſpiritus ſancti,

226 808 695 29 ac guſtauerunt bonũ Dei verbũ, tanta Dei beneficia aſpernantur, Deum afficiunt con

226 830 695 30 tumelijs, eius́ veritatem modis omnibus impugnant. 2. Tales iuſto Dei iudicio

224 847 696 37 plurimum etiam in hac uita excæcantur, traduntur in ſenſum reprobum, indurantur in

224 870 696 33 malo, vt conuerti ad Deum, pœnitentiam ſeriò agere, veniam humiliter & cũ fide po¬

229 892 692 35 ſtulare nunquã velintaut poſsint. Quin potius pergunt indeſinenter & ad extremum

228 914 693 32 vſ oppugnare veritatem. Pharao, lannes & lambres, Exod.7.2.ad Timoth.3.audiunt

226 935 695 35 veritatem vident́ ſignis conſirmari, vt conſcientia ipſorum conuicta fateri cogeren¬

226 958 696 30 tur, digito Dei ſeu virtute ſpiritus geri omnia: Sed audebant adhuc obſiſtere, ideo

227 979 694 30 excæcabantur, indurabantur, ac perſequi non deſinebant, donecmiſerabiliter perirẽt.

227 1000 695 30 Eſaiæ 23. populus rebellis & cõturbans Spiritum ſanctum habet Deum aduerſantem,

228 1022 695 31 qui & facit illos errare à via recta, & permittit corda illorũ timore Dei eſſe vacua. Pau¬

222 1046 703 27 lus ad Roman. I1o. pluribus demonſtrat, ludæis annunciatam fuiſſe veritatem Euanges

227 1063 697 32 lij, ſed eos noluiſſe amplecti, imò porius cõtradixiſſe perpetuò acrebellaſſe: id́ pro¬

227 1090 697 29 bat ex Eſaiæ cap.53. Quamobrem capite 1.ſtatim ſubijeit ex Eſaiæó. & Pſalmo 69. illos

227 1106 697 37 iuſto Dei iudicio excæcatos & à Deo reiectos. His ita expoſitis, peccatum in Spiritũ

227 1135 405 28 ſanctum propriè dictum licet hoc pacto definire.

250 1157 673 26 Poccatũ in Spiritũ S. eſt, cũ quis veritatẽ de Deo rebus diuinis, Spiritus S.benefi¬

230 1175 694 29 cio cognitã ſciens ac volẽs, reluctante ꝓpria conſcientia, abnegat vel oppugnat, dũ

230 1194 696 34 id excęcatus vel induratus cõſtanter facit, remiſsionẽ tãtæ malitiæ nunquã accipit. Eſt

232 1214 693 33 uerò notandũ, q, quinã ita grauiter blaſphemẽt ut peccatũ eorũ ſit prorſus irremiſsibi

232 1236 693 33 le, non poſſumus, quãdiu blaſphemi in uiuis ſunt, certò iudicare, niſi forte reuelatione

232 1259 691 31 quadã ſingulari id cuipiã manifeſtaret̃. Olim qdẽ Eccleſia uarijs donis erat illuſtrata,

232 1278 693 54 & paſsim inueniebant nõnullis, q diſcemere ac ꝓbare ſpiritus & uidere, quos Deusa

900 1305 26 36 ſe
