1000 1564
226 141 408 28 AD TIMOTHEVM CAP. I

89 165 681 27 deliquerunt, quos neceſſe eſt ſeuerius & quidem publicè reprehẽdi, aut, ſi obtẽperare

89 177 681 41 noluerint, tandem tradi Satanæ ſiue excommunicari. Breuiter verò de forma talis

91 198 679 41 eccleſiaſtici iudicij, propoſito exemplo de non damnando presbytero, niſi teſtibus a¬

94 221 682 36 liquot conuicto: quædam interſerit, ex quibus pleniorem iudicij formam licet colli¬

97 243 505 41 gere. Aduerſus presbyterum, inquit, accuſationem ne admiſeris, &c.

113 273 657 25 Sentimo loco exponitur, non eſſe admittendos ordinandosue, nili quorum vita

96 285 675 40 probè fuerit explorata. Qua inre etiam Senatus eccleſiaſtici iudicium epiſcopus ad¬

96 306 675 41 hibebit, quando capite quarto apertè dictum eſt, autoritate Τπρεσθυτερίς manus im¬

96 327 675 40 poni. Debet examen vitæ at doctrinæ in hoc Senatu fieri: ait igitur, Manus citl

100 358 113 31 * cui imponas.

114 379 659 26 Octauo ſubijcit caput ſextum, exhortationẽ nominatim faciendam ad Seruos, Iic

96 393 676 36 interim paratam, vt conſolationem illis adferre poſſet ingentem:cum Epheſi multi eſ¬

96 413 678 39 ſent opulenti, haud dubié multi quo erant ſerui: quare poſtulat eccleſiæ eius ſtatus

97 444 226 27 huiuſmodi exhortationem.

117 465 656 30 Nono ſequitur epiſtolæ concluſio, grauis & affectibus referta, eadem́ diſſecta in

97 479 676 38 partes quatuor. Prima I’imotheo præcipit, vt doceat & exhortetur, quemadmodun

97 499 676 40 epiſtola hac eſt præſcriptum. Secunda, vt ab ijs qui aliter docent vel exhortantur, ſe

99 525 684 32 tempeſtiuè ſeiungat. Tertia conſolatur bono iubet eſſe animo, etiã cum parum acci

100 546 680 33 pit ab auditoribus, nullũ́ in miniſterio quæſtũ facit, Eſt queſtus magnus, inquit, Pietas.

101 564 679 35 Quarta hortatur & præcipit, vt ſtrenuè fideliter pergat boni paſtoris præſtare offi¬

102 590 533 31 cium. Sectare autem iustitiam, inquit, Pietatem, fidem, charitatem, &c.

128 607 630 32 Decimo appendix de exhortatione ad diuites, quales Epheſi erant plurimi.

122 636 656 26 Vndecimo repetit ex ſuperioribus admonitionem, quam Timothei animo altiſsi¬

99 650 679 35 mè impreſſam cupit manere, de vitandis inutilibus diſceptationibus, quæ reuera ſem

100 673 214 35 per ſunt eccleſiis exitioſæ.

120 701 656 25 Quòd ſi iam rogat aliquis, ad quæ genera concionum ſacrarum partes huius epiſte

99 712 679 34 læ referantur, facilis eſt reſponſio. Prima pars, in qua de lege at Euangelio agitur,

100 737 678 33 ad διιδιασκαλιαν ſiue genus διδ ασκαλικόν pertinet. Quæ verò ſequuntur omnia, quoniã

101 757 677 38 ad inſtitutionem & rectam ordinationem eceleſiarum diriguntur, generis ſunt παιδ οι

101 783 174 30 τικς, id eſt, inſtitutiui.

758 147 13 23 3

774 136 78 50 Hdicimce

775 175 77 34 deſiæ quale

775 196 21 32 fit.

122 807 662 23 Fui prolixior opinione: ſed præſentis epiſtolæ, quantumuis breuis ſit, maxima &

101 822 679 35 admiranda vtilitas me coëgit de ſingulis mẽbris dicere aliquanto dilucidius. Scio mul

101 844 679 34 torum conciliorũ numeroſos euoluiſſetis canones, nec potuiſſetis tàm multa, tam́

105 871 681 25 accommoda ad eccleſiarum rectum ordinem colligere. Quamobrem apertè ae liberẽ

105 888 681 28 dico, ſi quando de eccleſiarum conformatione ſeriò agatur (agi aũt omnino eſt neceſ

106 913 679 23 ſarium) non aliunde aptius, quàm ex hac epiſtola, poſſe capi iudicium. Deinde & ex

105 933 679 23 alijs noui teſtamenti ſcriptis ſumentur quæcun ad eccleſiam ſic inſtaurandam, vt &

102 950 678 28 Deo placere, & pijs mentibus tranquillitatem ſolatium́ adferre queant, ſunt neceſ¬

102 970 678 33 ſaria. Hoc pro certo omnes habeamus, ex præſcripto verbi Dei eccleſiam optimè in

102 993 678 34 omnibus reformari poſſe. Ne ſperemus, ab vllis hominibus nos meliora accepturos,

104 1013 676 36 quàm Deus ipſe in libris ſacris extare uoluit. At verò nequaquã ęrrat, qui ſcripturam,

106 1040 585 33 quam dictauit excellentiſsimus doctor Spiritus ſanctus, ducem ſequitur.

775 259 78 39 7. N3 quoſ¬

775 285 78 33 uiseſſeadmit

774 307 81 29 tendos ad ec

775 327 78 30 cleſiæ guber

778 344 74 31 nationem e

777 364 70 29 ministeriu.

780 385 73 27 8. De mune¬

778 403 70 39 re ſcruorã¬

778 449 72 38 9. Concuu

779 479 72 31 ſio quadri¬

779 500 64 36 meuibris.

783 608 76 26 10. De diui¬

782 626 75 30 tum ſtudijs.

782 643 77 33 11. De uitau¬

783 662 76 36 dis rixis iu¬

783 685 54 29 lutilibus.

788 703 65 32 Genus cau¬

786 723 13 30 ſe.

131 1073 634 35 Paulus Apoſtolus Ieſu Christi, iuxta delegationem Dei Seruatoris noſtri, & Do¬

130 1097 630 39 mini leſu Chriſti, qui est ſpes nostra, Timotheo germano filio in fide. Gratia, mi¬

128 1126 581 35 ſericordia, pax, à Deo Patre nostro, & domino leſu Chriſto domino noſtro.

783 733 78 41 Dideſcaies.

784 763 77 32 παδιαιιηέμ

784 800 76 54 vfuspifto¬

784 840 20 37 le.

136 1162 650 30 Paulus Apoſtolus Ieſu Chriſti.) Cùm aſſerit munus apoſtolatus ſibi iuxta delegatio¬

104 1179 680 33 nem, hoc eſt, imperio, mandato peculiari ipſius Dei, iniunctum: ſcire debemus, quæ

102 1199 682 32 in hac epiſtola proponuntur, Apoſtolo diuinitus tradita, at eam ob cauſſam omni¬

104 1221 680 34 bus eccleſuis ſeriò proponenda & alacriter ſuſcipienda. Ferè conſentiunt ea verba A¬

109 1243 675 35 poſtoli cum ijs, quæ in alijs ſalutationibus habentur, cùm dicit, Per voluntatem Dei, duat

106 1266 674 33 τθελίματω † θεο͂. Sic in epiſtola ad Galatas negat ſe ab hominibus, aut per homi¬

104 1285 680 37 nes, ſed per Chriſtum Ieſum & Deum Patrem ad munus apoſtolicum eſſe adoptatũ,

104 1307 680 34 id́ facit propter pſeudoapoſtolos, qui Euangelij doctrinam à Paulo prædicatam in

104 1328 680 47 odium inuidiam vocare nitebantur, contendebantés in operibus legis, quæ per

784 947 73 38 Aduerbum

786 976 71 32 Dei exami¬

786 998 71 29 nari omnes

786 1016 77 33 doctrinas et

786 1036 71 28 traditiones

786 1054 71 31 neceſſe eſt.

784 1076 75 43 Epigrapba¬

788 1166 77 47 Antorius te

787 1201 78 33 gationis Pau

787 1223 78 29 linæ à Deo

787 1242 77 30 pẽdet: igitur

787 1264 80 22 Dogmatahu

786 1282 80 27 ius epistolæ

788 1296 79 29 A ſpiritu San

788 1316 77 32 do ſunt pro

790 1338 35 44 fecta.

636 1358 45 28 a 2

728 1351 60 47 Moſen
