1000 1564
217.0 132.0 411.0 27.0 AD TIMOTHEVM CAP I.

744 142 18 19 41

82.0 158.0 686.0 21.0 Lauberauſt gratia. Tluiumour ignur Ampiicanones gratiæ Der notantur ab¬

81.0 173.0 686.0 30.0 Apoſtolo, dicente uno uerbo, quòd gratia Domini noſtri ſuper modum exuberârit.

101 197 665 23 Proinde obſeruanda nobis eſt hæc methodus, qua, cum agitur de negocio Euan¬

83 218 684 26 gelij & Salutis noſtræ, initium fit ab exuberante Domini noſtri gratia, imò & finis

82 241 684 25 in eadem fieri debet. Hanc methodum par eſt nos quoque in docendo ſequamur.

82.0 260.0 685.0 29.0 Atque omni ſtudio retinendum prædicandum́ eſt in eccleſiis dogma, quòd gratia

82 280 682 27 Deiſit non modò iuſtificationis noſtræ, uerum etiam electionis, uocationis, & glo¬

84.0 302.0 677.0 28.0 rificationis fundamentum ac cauſa efficiens. Vult nam Deus hac ratione ſuam

83 318 681 31 celebrari bonitatem, gloriam & potentiam. Ad Roman.3. Ad Epheſ. 1. Nec fe¬

83 341 681 30 rendi funt qui tanquam contemptores & hoſtes gratiæ Dei plus iuſto deferunt hu¬

83 362 681 34 mmis viribus, operibus & meritis, ſiue ludæiſint, propriam quærentes ſtatuere iu¬

80 381 684 36 ſtitiam, ad Roman. 9. Siue pelagiani, ſiue quocunque alio appellati nomine. Pij in¬

79 407 685 29 terea agnoſcant, ſe plurimum Deo debere pro accepris beneficijs, in primis ſpiritua¬

80 428 684 32 libus, ideoq́ agant indeſinenter gratias, atque omnibus modis bonitatem Dei ce¬

79 448 685 31 lebrent. Verûm in hoc incumbent præcipuë, vt fructus gratiæ Dei reſpondentes,

80 470 684 31 hoc eſt, actiones ueris Chriſtianis dignas per omnem uitam proferant: ne, quemad¬

79 490 685 33 modum 2. ad Corinthios õ. dicitur, gratiam Dei fruſtrà recepiſſe exiſtimentur: quin¬

79 513 685 30 potius cunctis uidentibus conuerſationem noſtram ſubminiſtremus occaſionem glo

79 535 685 30 rificandi cœleſtem patrem. Matth.5. 1.Petri 2. Aſſueſcamus inſuper in tentationi¬

79 552 685 38 bus, in pauoribus conſcientiæ, denique in quibuscun perieulis, conſolationũ ma¬

82.0 582.0 484.0 27.0 teriam colligere ex gratiæ Dei exuberantis conſideratione.

102 606 662 23 Iamad ſecundam partem definitionis, de fide, inquam, ac dilectione, quæ ex par¬

82 617 682 33 te ipſius hominis conſiderari in negocio ſalutis debet. Oritur primo loco fides, quan¬

80 638 684 34 doquidem hanc Deus ante alia quæcunque in homine requirit: ad Hebr.11. Sine fi¬

82.0 664.0 681.0 29.0 de fieri nonpoteſt, ut quis Deo placeat. Nam qui accedit ad Deum, hunc crede¬

79 680 685 36 re oportet eſſe Deum, & eſſe remuneratorem quærentibus ſe. Significat autem

79 701 685 36 hocloco fides non ſidem ciuilem, quam detiniunt philoſophi ac iuriſeonſulti dicto¬

79 724 685 37 rum factorum́ conſtantiam: non item fidem, qua eduntur miracula, cuius fit men¬

79 744 685 38 1o1. Corinth. 13. neque fidem hiſtoricam, qua uidelicet credit quiſpiam ſimplicitez

80 767 684 33 uera eſſe, quæ de Deo, uel à Deo facta referuntur: qualem lacobus ait inueniri e¬

79 785 685 38 tiam in Dæmonibus: lacobus 2. Sed firmam certam́ cognitionem innixam diuinis

79 810 685 33 promiſsionibus de gratia ſeu miſericordia nobis impendenda propter Chuſtum.

82 831 682 35 Quæ deſcriptio uarijs Scripturæ locis explicatur: ad Hebræ.11. Fides eſt earum re¬

80 852 684 36 rum, quæ ſperantur, ſubſtantia, argumentum eorum, quæ non uidentur. Ad Ro¬

84.0 875.0 679.0 33.0 manos 4. Qui præterſpem ſub ſpe credidit. Niri autem fidem promiſsionibus de

83 895 682 34 miſericordia à Deo factis, liquet ad Romanos 4. ldcircõ ex fide datur hæreditas, ut ſiu

84 916 681 34 per gratiã, ut firma ſit pmiſsio uniuerſo ſemini Rurſus de Abrahamo: Ac minimè im¬

83 934 682 44 becillis fide, nõ conſiderauit ſuum ipſius corpus iam emortuũ, cùm centum circiter na

83 957 682 41 tus eſſet annos, nec emortuam uuluam Saræ: Verùm ad promiſsionem Dei non hæ¬

83 980 682 36 ſitabat ob in credulitatem, ſed robuſtus factus eſt fide, tribuens gloriam Deo, certa

83 999 682 38 perſuaſione concepta, quod is qui promiſerat, idem potens eſſet etiam præſtare.

83 1021 682 39 Quapropter etiam imputatum eſt illiad iuſtitiam. Et promiſſam gratiam conferre

83 1045 682 34 propter ſemen benedictum, uidelicet leſum Chriſtum, crebrò explicatur. Ad Ga¬

82 1064 683 38 lat.3. Vt in gentes benedictio Abrahæ ueniret per Chriſtum leſum, ut promiſsio¬

82 1086 683 37 nem ſpiritus acciperemus per fidem. Item, Porrò Abrahæ dictæ ſunt promiſsio¬

86 1107 679 41 nes & ſemini eius. Non dicit, Et Seminibus, tanquam de multis, ſed tanquam de

84.0 1129.0 678.0 39.0 uno: Et in ſemine tuo, qui eſt Chriſtus. Naſcitur uerò huiuſmodi fides, ſimul, quan

83 1150 682 41 do auditur Dei ueibum, ſimul quando Spiritus Sanctus eum informat in cordibus

83 1170 682 38 Ad Roman.10. Fides eſt ex auditu, auditus autem per uerbum Dei. Actor.1e.Au¬

86 1193 679 38 dientes autem gentes gauiſæ ſunt, & glorificabant ſermonem Domini, & credide.

83 1214 682 37 runt quotquot erant ordinati aduitam æternam. 2. Theſſal. 3. Non omnium eſt fi

86.0 1239.0 687.0 34.0 des, ſed fidelis eſt Dominus, qui ſtabiliet uos. Ad Philippenſes 1. Vobis donatum

86.0 1259.0 668.0 56.0 eſt pro Chriſto, non ſolum vt in eum credatis, verumetiam vt pro ilo patiamiie

625.0 1294.0 55.0 46.0 a 3

720.0 1290.0 56.0 42.0 Ergo

773 299 62 21 Gratia Dei

767 310 73 31 fundamentũ

770 331 70 32 & cauſſacf.

770 354 56 26 ficiens est

771 367 63 33 tuſt ficatio¬

770 388 70 29 nis, electio¬

767 411 73 29 nis, uocatio¬

770 431 70 30 nus & glori¬

767 452 60 27 ficationis.

770 463 73 36 Pelagianorie

767 492 75 28 & Iudæorũ

770 512 38 26 eror.

767 586 75 43 4 Parsdeſt¬

767 621 67 25 nitionis: de

770 641 74 26 ſide & dile¬

769 662 66 23 clione quæ

766 675 71 31 in homine,

767 695 79 33 qui iustifica

769 718 66 66 Flee

769 738 36 46 Peſſe

770 753 72 32 FIdes politi¬

770 775 17 27 ca.

769 792 68 30 Fides mira¬

770 815 43 24 culoſa.

770 830 68 35 Fides hiſto.

771 853 28 29 rica.

770 870 72 41 Fidesuſuſi

771 894 30 26 cans.

771 911 72 53 perceſ

770 929 70 34 dei ex epist.

771 951 52 29 ad Hebr.

770 972 52 28 capne

771 991 52 38 Rom.4.

771 1054 76 29 Gratia pro¬

771 1073 73 28 hiſſa confer

771 1092 69 49 erprepier

774 1113 63 27 Christũ ſe¬

771 1127 72 38 hen bencdi,

771 1150 39 47 Eue

770 1163 73 34 Fides exuer

771 1187 73 72 Iegcere

773 1208 43 51 mpa.
