1000 1564
207 135 418 30 AD TIMOTHEVM CAP. I

745 143 8 20 4

82 158 687 23 miſit Deus ſilium ſuum in mundum, vt condemnet mundum, ſed vt ſeruetur mun¬

83 176 685 33 dus per cum. Maxima eſt fœlicitas, quanta bona nobis in Chriſto propoſita ſint,

82 199 95 30 agnoſcere.

101 215 685 35 Ex omnibus autem hucuſque dictis conſtat, quid ſit Euangelium, & quæ illius dis e.

83 241 688 31 gnitas atque preſtantia. Decet autem pios etiam in alijs locis eiuſmodi breues deſcri¬

83 265 683 28 ptiones diligenter notare, at inter ſe conferre. Extant autem paſsim, Matth.9. 11.24.

83 284 683 29 Marci 1. 2.16.Luc.2.4.6.loann.1.3.5.6.17. Ad Roman.11o. 1.ad Corinth.1.2.5. 2. ad Co¬

83 304 683 35 rinth.5. ad Epheſ.1.2. ad Coloſs.1.2. ad Timoth.1. ad Tit.1.2. Actor. 1o.1. Petri 1.1.

83 328 132 26 Iohann.2.5. &c.

105 349 656 31 Quorum ego primus ſum.) Comparatio deſcriptionis Euangelij ante poſitæ, ſumpta

79 367 679 30 devero Euangelij vſu, quem declarat à ſuæ perſonæ exemplo & propria experientia

79 389 675 28 perinde ac ſi dicat: verum eſſe, quòd exuberarit gratia Domini noſtri, quodq leſu

80 410 679 32 Chriſtus venerit in mundum, vt peccatores ſaluos faceret, id poſſum iure optimo aſ¬

79 430 669 33 ſeuerare: nam in me ipſo id ſum reuera expertus. Maximè autem fide digna eſt pro

80 455 680 27 batio, quæ ſumitur tum ab experientia, tum ab alicuius proprio iudicio atque ſen¬

79 474 697 32 ſu. Sic lohannes quoque ab experientia & ſenſuum iudicio confirmat Chriſti diui¬¬

80 500 700 23 nitatem: conſpeximus, inquit, gloriam velut vnigeniti à patre. Et 1. Iohann. 1..

80 517 698 32 Quod erat ab initio, quod audiuimus, quod vidimus oculis noſtris, quod perſpexi¬ e

78 537 695 33 mus, & manus noſtræ contrectauerunt, de ſermonevitæ, & vita manifeſtata eſt, & „

83 561 683 26 vidimus, & teſtamur, & annunciamus vobis vitam æternam, quæ erat apud pa¬¬

78 579 676 33 trem, & manifeſtata eſt nobis. Loquitur de perſona Chriſti, in qua duæ confideran;

78 598 675 38 tur naturæ contunctæ: atque aſſerit certiſsimum & omnibus ſenſibus ſibi comper.

79 625 676 27 tum, quòd duæ illæ naturæ in Chriſto veræ & perfectæ exiſtant. Huiuſmodi autem

79 648 678 27 probationes ſumptas ab experientia & ſenſuum manifeſto iudicio, & libenter pro¬

79 669 682 29 ferent hi qui docent, & magnifacient auditores: Id autem partim, quia ſunt perſe

78 690 683 30 certiſsimæ, partim quia mirabiliter erudiunt conſcientiam, ac demonſtrant, quis ſit

78 712 682 30 germanus dogmatum, quæ traduntur, vſus, ſiue quomodo doctrinæ fructum ap¬

76 728 686 32 plicare nobis ipſis debeamus. Ait igitur Apoſtolus, ſe compertum habere, quòd

77 749 684 33 Chriſtus Ieſus venerit in mundum, vt peccatores ſaluos faceret: quandoquidem ipſe

78 770 683 34 vnus exhis ſit, quos Chriſtus ſeruarſt. Primum ſe vocat, id eſt, inſignem & quaſi

76 798 681 30 principem, quomodo apud Latinos quoque vox primus non ſemper numerum,

75 818 685 30 ſed ſæpè excellentiam ſignificat, veluti cùm dicitur primus Romana Liuius in hiſto¬

75 839 685 32 ria: non quòd ante Liuium hiſtoriam nemo ſcripſerit, ſed quòd nemo id fecerit

75 853 679 41 excellentius. Conſultò autem Apoſtolus ſe primum peccatorem hoc pacto appel¬

75 873 679 40 lat. Prima cauſa eſt, vt teſtatam faciat ſuam humilitatem, quæ in omnibus, qui pec¬

78 894 678 40 catorum ducuntur pœnitentia, conſiderari primo loco debet. Non dignatur De¬

78 920 667 35 us ſua gratia, niſi qui ſeipſos extreme humiliarint: Vnde olim pœnitentes ciner

77 941 675 35 bus aſpergebant capita, in cinere ſedebant, ſacco aut cilicio induebantur, ieiuna¬

79 957 671 41 bant, flebant. lob42. Plalm. 102. Eſaiæ 58. lerem.6. Et verus eccleſia Chriſtianorun

74 981 674 44 pœnitentibus certum locum in ſacro cœtu, certas obſeruationes, & ſigna quædan

75 1007 360 35 externa pœnitentiæ internæ præſcribebant.

95 1034 652 30 Secunda, quia peccata ipſius reuera fuerunt maxima, nempe, blaſphemia, perſé

73 1043 679 43 cutio, violentia, vti ſemel confeſſus eſt. Etſi verõ ſemel dixerit, ſe per ignorantian

71 1067 676 42 peccaſſe, qua ratione videbatur nonnihil extenuari peccatum: tamen quia illi non ſa

73 1090 672 37 tis fuit veritatem ab Apoſtolis & à Stephano fideliter propoſitam non admittere

74 1109 674 40 (qua potiſsimum in parte ignorantia locum habet, quemadmodum ipſe declarauſ

74 1138 677 34 dicens, ſe ignorantem, feciſſe per incredulitatem) verum etiam adiunxit manife

73 1154 677 39 ſtam blaſphemiam, atque, vt verbis ipſius vtar Actor. 26. putauit ſe Hieroſolymis

74 1179 678 36 aduerſus nomen leſu Nazareni repugnãdo multa facturum: Et multos ſanctorum in¬

75 1199 678 39 cluſit carceribus, à principibus Sacerdotum poteſtate accepta: Et cum occiderentur,

74 1219 681 37 detulit ſententiam, & peromnes Synagogas frequenter puniens eos, compellebat

73 1239 680 41 blaſphemare, & amplius inſaniens in eos, perſequebatur etiam in exteras uſque ci¬

73 1264 682 58 ditates. Talia, inquit, & tam multa flagitia cum ipſe de ſe commemoret, not¬

767 349 73 25 Ab exemplo

766 364 71 32 proprio prt

766 387 59 24 bat gratis

765 398 75 38 ſerueri pec¬

763 425 68 21 catorem à

766 439 72 44 Chriſte, etc.

767 582 64 24 n perſona

764 595 70 30 Chriſti du¬

760 622 78 30 naturæ con¬

760 639 46 43 tuncte.

758 866 77 47 Ecιſfeα

760 884 75 28 primũ ſe uo

760 903 71 31 cet peccato.

757 918 33 29 rem.

757 935 67 30 Hamilitss

756 958 81 31 Apoſtolipec

757 977 46 30 catoris;

757 997 68 30 Ceremoni¬

752 1020 77 26 pœnitentia

757 1037 60 31 agentium,

760 1058 44 26 lonæ3.

758 1073 59 33 Mattb.12.

757 1094 46 29 Luc.11.

754 1111 64 32 2Cauſſa.

756 1136 78 24 Pecrata Paus

756 1154 73 29 li mæxima.

757 1174 75 45 Acta.2e.

700 1294 57 39 absre
