1000 1564
229.0 134.0 404.0 27.0 AD TIMOTHEVM CAP. I.

753 144 16 20 4

108 156 665 27 Primum membrum eſt de perſona at autore illius gratiæ, nempe Chriſto leſu ſeu

89 172 684 33 filio Dei. Vt enim nobis applicaretur Dei gratia, oportuit filium Dei humillari & ſua

89 191 684 37 Obedientia nobis diuinam gratiam promereri: oportuit illum fieri leſum ſiue Serua¬

93.0 218.0 683.0 31.0 torem, & Chriſtum, id eſt, unctum ſiue regem, pontificem & prophetam, qui pro

92.0 238.0 683.0 28.0 nobis apud patrem intercederet. Non eſt aliud nomen, in quo remiſsionem pecca¬

93.0 259.0 682.0 29.0 torum conſequamur: & gratia acueritas per leſum Chriſtum exorta eſt. Actor.4.1o.

93.0 276.0 682.0 32.0 Iohan.1. Atque hocnomine diſtat doctrina Euangelica à doctrinis aliarum ſectarum:

93.0 303.0 683.0 26.0 quòd illa leſum Chriſtum agnoſcit, & perpetuò prædicat: cæteræ autem abnegant &

93.0 320.0 683.0 36.0 reijciunt. Valde igitur neceſſarla eſt hæc particula ad rectè intelligendum, quid ſit

93.0 344.0 113.0 31.0 Euangelium.

99 368 666 30 »Secundum membrum eſt de modo, quo gratia Dei nobis per filium parta eſt

91 380 676 38 Venit, inquit, in mundum. In cœlo erat gloriam habens cum patre communem: ul.

89 406 678 35 trò inde deſcendit nullis illectus noſtris meritis aut uirtutibus. Et uenit in mundum,

89 423 678 39 ubi formam ſerui ſuſcipiens eſt extremè humiliatus. Itaque hac particula compre,

88 448 679 32 henduntur omnſa, quæ Chriſtus in ſua humiliatione noſtri cauſſa perfecit, ut incar¬

88 466 679 39 natio, mors, ſepultura, reſurrectio. Neque hoc membrum doctrinæ Euangelle?

88 490 679 40 ignoſcunt ludæi, Turcæ, & ſimiles. Eſt ergo doctrina de humiliatione Chriſti, eius

89.0 511.0 386.0 35.0 pro ſalute noſtra actionibus, Euangelij propria.

118 543 648 25 I’ertium membrum eſt de Effectu gratiæ, quòd nimirum per eam ſalui fiunt

88 553 679 40 peccatores. Latè alioqui patet Dei gratia.' Etenim quod ſumus, uiuimus, &

89 573 678 36 mouemur, item, quotidiana beneficia, fertilitas terræ, pluuia tempeſtiua, ut

91 596 676 37 ctus, ueſtitus, cætera́ accepta ſerri gratiæ Dei debent: quòd intelligunt &

89 615 678 43 prædicant omnes homines, ettam ludæi ac Turcæ & quicunque hypOcIIæ. E

88 638 679 39 uangelium autem ſigillatim concionatur de gratia, qua ad ſalutem æternam ad¬

88 656 679 43 ducuntur homines peccatores. Deus namque ſalutem æternam gratis & per gra¬

91 682 676 40 tiam, & in gratiam filij peccatorſbus confert. Quod qui non credunt, ab’E,

88 702 679 38 uangelio ſunt alieni, ſiue ludæi ſint, qui propriam iuſtitiam quærunt conſtitue¬

87 723 680 39 re, atque ex ſuis uolunt iuſtificari operibus: Ad Romanos. 9. ſiue titulotenus

87 741 680 43 Chriſtiani hypocritæ, ſiue alij. Peccatorum nomine intellige primò quoſcunque ſi¬

86 766 681 38 ne exceptione homines. Omnes enim peccauerunt: Ad Romanos.3. &1. Secun

86 785 681 43 dò, peccatores hoc loco ſunt, qui tales ſe eſſe humiliter confitentur, ac perpetuõ

87 808 680 41 orant: petunt autem in nomine Chriſti ſibi remitti peccata. Nam his tantum pec¬

87 831 680 40 catoribus beneficium ſalutis impenditur. Ad peccatores, qui ſimpliciter tales

87 848 680 48 ſunt, & manent, ſiue confiteantur ſiue non confiteantur, concionatur lex, atque

89.0 874.0 671.0 38.0 ante oculos ponit damnationem. Ad peccatores autem pœnitentes dirigitur uoxE

88 892 674 46 uangelij. Euangelium namque pœnitentiam expetit, quemadmodum Lucæ 24

87 914 675 42 mandat Chriſtus, prædicari in nomine ſuo pœnitentiam & remiſsionem peccato

87 935 675 43 rum, in omnes gentes. Et loannes Baptiſta, Chriſtus & Apoſtoli, à pœnitentiaſe.

86 957 676 42 cerunt docendi initium. Marth.3. 4. Marci 6. Actor. 2.3. 5.11. Mirificè uerò am¬

83 981 679 42 plificatur Dei potentia ac bonitas ex eo, quòd peccatores potiſsimum uelit ſal

84 1003 678 39 uos facere. Superba ratio hoc non credit, uerum ſtatuit primum, quòd homines

83 1020 679 44 aliqui per ſe iuſti ſint, ſibiqúe iuſtitiam quandam comparent: Deinde, quòd ho

83 1041 679 48 rum tantùm qui uidelicet iuſti hoc modo effectiſint, habere velit rationem. Sec

86.0 1065.0 674.0 45.0 turpiter hallucinatur, quandoquidem falſæ ſunt hæ duæ hypotheſes, quibus ipſt

84 1086 678 41 nititur. Vera autem & certa eſt doctrina Euangellij, cui & acquieſcere nos de

83 1107 679 42 cet, quòd videlicet Chriſtus idcirco in mundum uenerit, vt peccatores ſaluos fa¬

83 1127 679 46 ceret, quod ipſemet aſſerit Marci 2. qui bene habent, non egent medico: non

83 1149 679 44 veni ad vocandum iuſtos, ſed peccatores ad pœnitentiam. Matth.11. Venite ad me

83 1173 679 41 omnes qui laboratis & onerati eſtis, & ego refocillabo uos. Itaque gloria Dei hæc

83 1193 679 46 maxima eſt, quòd non iuſtos ( qui tamen nulli reuera ſunt) ſed peccatores ſal¬

86.0 1219.0 82.0 21.0 uos facit.

102 1243 660 35 Porrô ſalutis nomine comprehẽdit Apoſtolus electionẽ ab æterno factã, vocatio

82.0 1260.0 678.0 48.0 nẽ in hac vita ad Euangeliũ, & in eceleſia iuſtificationem cum bonis & fructibus, qui

688.0 1299.0 76.0 37.0 comitart

778 155 59 26 1. Chriſtus

780 174 64 33 author gra

778 194 19 37 ne

779 371 69 31 2. Chriſti hus

775 393 50 30 hiliatio.

774 414 55 30 Philip.2.

779 435 38 27 debr.2

773 488 71 28 3 Effectun

774 504 74 52 xσAι

773 526 69 31 lus peccato;

773 555 31 17 luin.

777 564 54 47 Ag

771 581 63 31 Euangelĩe

773 603 56 27 de gratia

774 622 57 30 Dei erga

773 642 65 30 péccutores

773 660 67 52 qu cutre

771 684 63 28 Ialuantur,

773 703 56 28 prædicat.

771 727 71 22 Modus acce

771 742 69 26 fiõis ad Ch

773 757 71 32 ſtunt & alic

770 782 65 26 hationis in

770 800 70 25 Pide & in¬

771 818 64 35 tredulitate

773 839 21 30 ſita.

770 858 70 28 Peccatores,

769 879 71 43 quircaſiv.

766 892 63 33 faluentur.

773 916 67 48 Nebiete

771 937 73 28 catoribꝰ lex

767 951 64 29 & quibus

769 976 62 27 Euangeliñ

767 991 70 33 prædicetur.

769 1011 75 30 Rauo buma

769 1032 70 27 nanõ perci.

766 1050 78 29 pit myſteriũ

770 1073 69 45 lafcat.

769 1092 58 26 ſtificatio¬

769 1113 51 27 uis, &c.

770 1131 48 27 lohan3.

769 1146 58 29 Matth.48.

773 1167 58 47 Dugiere

766 1186 60 31 patefitex

766 1204 74 32 gratuita pee

767 1229 70 26 Fatoruures

765 1248 70 73 P

769 1265 70 63 mpere ne

767 1287 68 38 ſificatone.
