1000 1564
211 139 405 26 AD TIMOTHEVM CAP. I.

75 161 686 24 & Euangelij, ſiue fidei & charitatis addiſcere. Sicut artificium vel alias res agendas:ita

78 178 679 33 religionem & res credendas facile aſſequi quilibet Chriſtianus, ſi velit, poteſt. Ac ge¬

74 199 682 28 nerale illud præceptum 1.Petri 4. ſint parati ad reſpondẽdum cuilibet petẽti, & loqua¬

75 218 679 33 mini de ea, quæ in vobis eſt ſpe, cum manſuetudine & reuerentia, conſcientiam ha¬

74 242 686 32 bentes bonam. Quod ad alteram ſpeciem ignorãtiæ attinet, qualem diximus in Cor¬

75 263 684 33 nelio & Bunucho fuiſſe, certum eſt, & hæc ipſa, ſi nõ remouetur, damnationis cauſam

78 285 681 29 coram Deo adfert. Sicut nam omnes intelligimus inſigne eſſe opus miſericordiæ

79 306 678 32 Dei, ſi quado dignatur Deus talem ignorantiam tollere, miſsis videlicet doctoribus,

79 327 680 30 qui imperitos doceant, vel alijs accõmodis remedijs adhibitis: Ita per contrarium iu¬

78 349 682 29 dicium at iuſtitia Dei in eo elucet, quando in ignorãtia, eorum, quæ ad ſalutem ſunt

76 372 685 27 neceſſaria, hęrêre aliquos permittit. Ne enim Deus obſtrictus eſt, vt quomodo vel

77 391 684 31 quando homines putant aut cupiunt, ex tenebris eos eripiat lucẽ́ accendat in ipſo¬

76 413 685 31 rum cordibus. Quamobrem inter pœnas peccatorum antecedentium, iudice Augus

76 437 684 28 ſtino epiſt.1o5. hæcignorantia non abs re numeratur. Huc pertinet, quòd Lycao¬

76 457 684 28 nes Act.14. quamuis guſtum aliquem cepiſſent Euangelij, & Apoſtolos admirarẽtur,

77 479 684 25 ac cuperent honore perſequi, non tamen dignatus eſt Deus pleniori cognitione eos

77 497 699 29 illuſtrare: ſed Apoſtoli ab illis diſceſſerũt, relicti́ ſunt in ignoratione quanta & quã¬ ‟

78 519 700 30 diu Deo placuit. Nos annũciamus, inquiũt Apoſtoli, vt ab iſtis vanis cõuertamini ad ‟

79 540 700 30 Deum viuum, qui ſecit cœlum & terram & mare, & omnia quæ in eis ſunt, qui in præ¬ ‟

79 563 700 30 teritis ætatibus ſinebat omnes gentes ingredi vijs ſuis, quanquam non expertem ‟

80 585 701 27 teſtimonij ſeipſum eſſe ſinebat, dum beneficia confert, de cœlo nobis dans pluuias ac ‟

81 608 700 34 tempora fructifera. Sunt item Apoſtoli interdum prohibiti, ne quibuſdam verita¬ ‟

80 626 151 28 tem patefacerent.

101 638 659 38 Quod inſuper puniatur hæ cignorantia, & ſit ipſa partim pœna peccatorum, par¬

78 671 682 30 tim etiam per ſeſe culpa quædam, manifeſtum eſt, tum quia omnis ignorantia corum,

78 688 682 34 quæ ad ſalutem ſunt neceſſaria, in vitio eſt, & peccandi adfert cauſam: tum quia regu¬

78 710 682 34 la generalis à Chriſto deſcripta eſt de ignorantia punienda: etiamſi quandam mitius,

79 735 681 31 quandam verò ſeuerius puniri veroſimile eſt. Sic autem Chriſtus Luc.12.ait, Seruum

78 754 682 31 qui cognouit volũtatẽ Domini, & nõ ſe præparauit, nec fecit ſecundũ voluntatẽ eius,

78 776 682 26 plagis vapulabit multis. Qui aũt non cognouit, & fecit digna plagis, vapulabit paucis

101 805 659 23 Tertiaſpecies ignorãtia affectata maxime vitioſa eſt, & grauiſsimé à Deo punitur

80 814 680 38 Vnde ſepè cõtra eà in Scripturis verba fiunt. Omnibus tẽporibus inuẽti ſunt permul.

79 836 681 35 ti homines improbi, qui veritatẽ ac voluntatẽ Dei addiſcere cũ potuiſſent, noluerunt

79 858 681 33 Sed hæc quo apté diſtinguitur. Quædam enim prouenit ex errore ſeu falſa perſua¬

83 882 684 31 ſione, cum videlicet quis arbitratur doctrinam, quàm ſemel hauſit, eſſe omnino verã

84 907 683 27 ac certam: quam verò audit ab alijs pro veritate proponi & commendari, falſam eſſe

84 927 682 33 exiſtimat. Etſi verò hęc ignorantia ſubinde pariat alia grauiſsima peccata in hominib.

83 947 685 33 nempe vt reſiſtere audeant Spiritui ſancto blaſphement, pios perſequantur, & violen

83 967 685 32 tiam in hos exerceant: quia tamen non niſi ad tempus durat, at doctrinam ſanam illi

83 991 683 31 tandem recipiunt, agunt́ pœnitentiam, Deus ipſorum miſeretur, & concedit veniã.

83 1008 683 34 Comprobantur hæc pluribus Scripturæ locis. Chriſtus lohan.16.Alienos à Synagogis

82 1031 683 35 facient vos: Et veniet tempus, vt quiſquis interficiat vos, uideatur cultum præſtare

82 1052 682 36 Deo. Et hæc facient uobis, quia non nouerunt patrem ne me. Petrus Actor.3. Vos

82 1074 683 36 ſanctum & iuſtum negaſtis, & poſtulaſtis, ut uirũ homicidã donaret vobis, autorẽ ue¬

82 1095 681 36 rò uitæ interfeciſtis. Et paulo poſt: Et nunc fratres, ſcio, quod per ignorantiam feciſtis,

83 1118 681 30 ſicut & principes populi ueſtri: Pœniteat igitur uos erroris, & conuertimini, ut dele¬

83 1138 679 34 antur peccata ueſtra.1.ad Timoth.1.Qui prius eram blaſphemus, & perſecutor, & uio¬

83 1161 663 32 lentus: ſed miſericordiam adeptus ſum, quòd ignorans fecerim per incredulitatem.

106 1188 664 26 Quædã porrò ignorantia affectata habet adiunctam malitiam & obdurationem,

86 1203 685 33 quando nimirum, cum ſæpius audierint doctrinam ſanam elarè at euidẽter explica¬

85 1226 685 35 ri, ſic inſuper eam percipiunt ut negare nõ poſsint ſolidam ac ſalutarem exiſtere: per¬

86 1245 684 33 gunt nihilominus ſcientes ac uolentes ueritatem agnitam modis omnibus oppugna¬

86 1266 684 52 re. Talem proinde ignorantiam, ſi manere contigerit, nulla unqua ſubſequente pœ¬

633 1299 38 26 d

686 1299 84 36 nitentia,

765 641 64 26 ignorantia

767 656 67 30 et cauſa pe¬

767 680 68 27 catorum, &

766 701 52 53 Cce ce

765 718 31 39 ſeſe.

771 804 59 97 ignorantia

771 821 69 76 affectata gra ᛘ

767 839 67 61 uiter a Deo

771 882 52 0 punitur.

736 147 14 21 37
