1000 1564
758 132 17 54 I

86 154 682 37 EPISTOLAE DY PAVLI PRIORIS

228 178 393 33 AD TIMOTHEVM ARGVMENTVM.

105 344 147 63 T

256 212 511 29 IMOTHEVS matre Eunica ludæa fideli, patre verò Gręco ni

262 235 508 26 tus, à pueritia ſacras literas didicerat, vt eſt Act. 16. & 2. ad Ti¬

264 254 509 28 moth.3. Paulus autem cum Lyſtram veniret, inuenit eum inter

263 275 510 30 credẽtes egregiè doctum, audiuit́ ab omnibus fratribus, qui

265 297 508 27 Lyſtris erant & Iconij, commendari vehementer. Ita permo¬

265 320 509 28 tus eſt, vt eum ſibi adiungeret, (propter importuniratem eriã

266 344 506 25 quorundam ludæorum circumcidit) tum plenius inſtituendũ,

266 365 507 23 tum vſurus poſtea illius opera in negocio Euangelij ad diuer¬

266 386 507 26 ſas eccleſias promouendo. Vnde etiã eum nõ vno loco modò

87 408 687 27 in inſcriptionibus, modõ in alijs Epiſtolarũ partibus, vt fidum collegã & miniſtrũ Dei

87 424 686 28 celebrat: ad Roman.6 1 ad Corinth.4.16.2. Corinth.1. Philip.1.2.Coloſs.1. 1.Theſſal.1.3.

87 446 686 31 2.Theſſal.1. Et in Actis ſępe prædicatur eiuſdẽ dilſgẽtia. Hunc proinde Apoſtolus, cũ

87 471 686 27 relicta Epheſo proficiſceretur in Macedoniam, voluit eccleſiæ Epheſinæ ſuſcipere gu

86 491 687 29 bernationẽ, & bene à ſe conſtitutam in prima dignitate conſeruare. Ibi ita agẽti mi¬

86 511 687 30 ſit hanc de omni officio epiſcoporum eruditam epiſtolam. Ea proinde continentur

88 536 685 28 hac epiſtola, vt de conſtituenda & ordinanda eccleſia inſcribi iure optimo queat. Ete¬

87 557 687 24 nim omne officium corum, qui in eccleſiæ verſantur munere, hoc eſt, quæ facere & do

89 577 685 26 cere eos oporteat, qui eccleſiam ſibi concreditam bene inſtituere cupiunt, mirabili ra¬

92 597 683 29 tione & accuratiſsimè quidem tradit. Quem finem ſibi fuiſſe propoſitum Apoſtolus

90 621 685 26 ſuis ipſe verbis cap.3. exprimit. Hæc tibi ſcribo, inquit, vt noris, quomodo oporteat in do¬

88 640 687 29 mo Dei verſari, quæ eſt eceleſia Dei viuentis. Quemadmodum igitur multa ſunt ad ec¬

89 662 685 27 cleſſam rectè ordinandam neceſſaria: ita in partes plures, quibus precipua capita vni¬

87 683 687 26 uerſæ gubernationis eccleſiaſticæ comprehenduntur, præſentem epiſtolam Apoſto¬

87 704 688 27 lus diſtribuit. Duo ſunt primaria eorum, qui eccleſiæ præſunt, officia: alterum & am¬

86 725 689 30 pliſsimum in docendo conſiſtit: alterum in Sacramentorum diſpenſatione, adeo́ in

87 747 688 28 procurandis ijs omnibus, quæ ad ritus, ceremonias, bonum ordinem, diſciplinã eccle

87 768 687 33 ſiaſticam, ad conſeruationem religionis pertinent. At hęc vt facerent, diſcipulis ſuis

89 790 684 31 Chriſtus mandauit, quando à morte ſua eccleſiam ſuo iure conſtituens ait, Matth.28.

777 209 43 63 Act.16.

109 814 681 28 Data est mihiomnis poteſtas in cœlo & in terra. Euntes eroo docete omnes gentes, bapti¬ „

88 829 704 36 zantes eos in nomine patris, filij, & Spiritus Sancti, docentes eos ſe uare omnia, quæ præcepi vo¬

90 851 684 32 bis. Aptè ergo diuditur hæc epiſtola in duas partes principales: priorem de doctri¬

90 874 684 35 na, protrahitur hæcad finem capitis quinti: poſteriorem de ceremonijs, bono ordine,

92 897 682 33 tota gubernatione, quæ per capita reliqua in partes certas diuiditur. Ita prima

92 917 682 30 parte compendium ſiue Epitomen vniuerſæ doctrinæ Chriſtianæ exponit. Primo

92 939 684 34 autem & poſtremo loco monet, vt in do ctrina ſemel accepta miniſtri eccleſiarum con

91 958 684 36 ſtantes mancant. Dehinc cum doctrina ſacra ritè diſtribuitur in Legem & Euange¬

91 978 686 36 lium, Apoſtolus ante omnia, &, vt apparẽt, propter quoſdam, qui legem plus iuſto vr¬

92 1003 687 31 gebant, & quaſi ad iuſtitiam coram Deo foret neceſlaria, commẽdabant: demonſtrat

91 1022 687 38 breuiter, quis verus finis at vſus legis ſit, nullo autem modo datam, vt per eam homi

91 1046 686 35 nes iuſtitiam ſpiritualem & æternam apud Deum conſequerentur. Finis pracepti est

93 1066 682 38 Charitas, inquit, ex puro corde: &t. & Scimus, quòd bonaſit lex, ſi quis ea legitimè vitatur.

91 1086 687 35 Subijcit protſnus doctrinam de Euangelio, dicens, in ijs, qui Euangelium amplectun

92 1110 688 36 tur, exuberare ſupra modum gratiam Dominſ noſtri, cum fide & dilectione: vbi itidẽ

92 1130 687 37 verum vſum, effectum, & fructus Euangelij ſummatim demonſtrat. Mox claudit hãc

92 1153 686 33 partem per exhortationem ſeu præceptionem, vt miniſtri, qui purè & cum fructu do¬

93 1173 683 38 cere volunt, ipſi in fide perſiſtant, bona cum conſcientia negocium Chriſti agant:

94 1190 650 39 Exemplo addito de falſorum doctorum reiectione aut iuſta excommunicatione.

92 1214 681 41 Hactenus de priore & excellentiore miniſtrorum officio, quod in docẽdo poſitũ eſt

109 1235 664 37 In ſecunda parte epiſtolæ, qua de reliquis ad imterium pertmenuibus: primus lo

91 1255 682 43 eus eſt capite ſecundo, de ſacris cœtibus, is́ in duas partes diuiditur: priore oſtendit

95 1275 678 41 q̃ uariæ & pro quibarebus precationes ibi debeant fieri: Ante omnia, inquit, fiant depri

93 1300 681 49 catiomeob́ ſeorauones& cAddit, quo aſſectu, qua modeſtia ta uir, ſ mulieres mſacre

780 1182 77 71 secũda parᛘ

780 1240 76 34 tis distribu¬

779 1260 24 32 tio.

650 1338 21 29 a

779 1281 72 27 1.Locus, de

781 1304 78 28 Sacris cœti¬

778 1321 31 51 bus.

745 1337 33 28 lo
