1000 1564
239 123 28 24 40

409 124 379 28 IN I. EPIST. D. PAVLI

160 160 68 27 Definitio a

164 179 44 32 effectis.

169 437 64 25 Fides & d

169 452 64 28 lectio don¬

168 475 60 29 Dei in ſan

168 495 30 26 ctis.

165 550 70 22 Dilectio et

166 564 73 29 regula bont

169 586 70 25 rum operũ

169 604 68 25 quæ ex fid

168 624 54 26 manant.

166 659 67 21 Gratia Des

166 672 68 31 fidem & di

166 695 68 28 lectionẽ ho

166 714 68 31 minis præc

165 731 25 28 dit.

166 758 69 22 Gratia et m

164 768 61 33 fericordi¬

164 787 71 36 ſent idedn

166 813 41 27 aSντα.

165 838 65 23 mn uegotio

164 849 68 32 iuſtificatio

165 871 61 28 nis gratid

165 897 69 21 Dei non ad

165 909 68 28 mittit mert

165 929 65 27 ta hominũ

165 959 68 22 Amplifica¬

165 972 63 35 tio gratiæ

166 993 26 28 Dei

165 1017 70 19 11. Gratia ii

164 1029 70 43 Deompii

161 1046 34 31 ſimal

165 1086 68 25 2. Deus lar

165 1103 68 28 giter ſuã il

165 1119 70 31 credentes e

162 1141 70 35 fundit gra¬

166 1162 33 30 tiam.

165 1196 69 18 2Grdliabe

161 1206 69 28 ijs, qui dan

162 1226 70 27 nationis rel

164 1244 71 44 ſunt, confe

162 1266 25 41 ur.

238 144 696 28 remiſsio ſequitur: ideo non ſunt propria Euangelij, quod ſimpliciter agit de gratia &

238 161 696 31 peccatorum condonatione. Tertio, commendatur hæc definitio, quia con geſta eſt

238 179 694 39 ex Euangelij effectis, ſicut ſupra quoque diſſeruit de vſu & quibuſdam effectis legis.

238 203 694 35 Eſt́ hoc genus definitionum in Theologia vſitatiſsimum, ac frequenter cogimur de

238 222 694 36 Deo, de eſus voluntate iudicium colligere à poſteriori & effectis acſignis. Aptiſsi¬

238 245 694 31 mè autem huiuſmodi definitiones verum cuiuſcun doctrinæ Spiritualis uſum expla

241 268 691 35 nant & augent in conſcientijs experientiã, vt maiori iudicio aſſueſcant in rebus diui¬

241 293 692 28 nis & ſpiritualibus omnia conſiderare: Sine qua experientia & ſedula obſeruatione

242 315 690 31 nemo ſeriò in theologia rebus́, ad ſalutem pertinentibus proficit. Sic porrò diſtri¬

241 333 692 31 buta ſunt membra in hac definitione Euangelij, vt in priori parte ſtatuantur conſide¬

241 352 691 39 randa effecta in Deo, ſiue ex parte Dei, ut modus & cauſa efficiens iuſtificationis er

242 376 518 28 ſalutis humanæ, ſiquidem hanc conſtat ſolius Dei gratia perfici.

265 403 668 25 Exuberauit, inquit ſupra modum gratia Domini nostri. Iln poſteriori autem parte ſubij¬

243 417 690 34 ciuntur effecta conſideranda in hominibus, qui gratiæ Dei participes facti fuerint:

243 437 691 38 quando ait, cum fide & dilectione, quæ eſt per Chriſtum Ieſum. Etenim in iuſtificatis fi¬

245 463 688 31 des & dilectio coniunctim elucere perpetuò debent, quæ ipſa ſunt Dei dona ac gra¬

244 484 689 32 tiæ Dei præclara effecta. Ac notandus eſt hicordo, quo primò generatim vt origo

244 504 688 30 & fons omnis boni commendatur gratia Dei. Secundò, fides, quæ etiam requiri¬

244 526 689 30 tur ante iuſtificationem: quanquam & ipſa tunc Dei donum eſt, Epheſ.2. & ſequi iu¬

238 544 694 32 l ſtificationem debet. l’ertio, Dilectio, quæ eſt tanquam regula ac norma bono¬

238 564 692 34 rum operum, quæ à fide producuntur. Ad Galath.5. Hæc verò ſimul omnia inui¬

238 586 696 33 cem coniunguntur & cohærent, vt mutuò ſeſe ponere quodammodo videantur. Si

246 614 688 28 qui uerè adepti ſunt gratiam Dei ſeu remiſsionem peccatorum, ac ſunt iuſtificati, hi

244 636 690 25 quoque veros Euangelij fructus ac dignos gratia Dei, fidem, inquam, & dilectio¬

238 650 694 32 nem producent: Et in quibus fides eſt & dilectio, in ijs gratiam Dei & prius eſſeo¬

238 672 692 38 peratam, & adhuc operari neceſſe eſt. Gratia hoc loco ſignificat miſericordiam,

238 695 694 33 qua Deus gratis remittit peccata propter meritum leſu Chriſti, qui morte ſua pro pec

238 714 694 34 çatis noſtris ſatisfecit. Sic autem in negocio iuſtificationis ac ſalutis noſtræ conſide¬

242 743 691 26 rari gratia in Deo & ex parte Dei debet: vt ex parte noſtra neque opera, quantum¬

242 760 690 29 libet legi diuinæ conſentanea, neque merita locum habeant. Huc pertinent hi lo¬

238 778 694 36 ci: Ad Roman3. luſtificamur autem gratis per illius gratiam, & quæ ſequuntur: Quod

239 806 693 32 ſi per gratiam, non iam ex operibus. Ad Galat.5. Quicun per legem iuſtificami¬

238 825 694 29 ni, à gratia excidiſtis. Ad Tit.3. Poſtquam bonitas & erga homines amor apparuit

238 843 691 35 ſeruatoris noſtri Dei: Non ex operibus iuſtis quæ fecerimus nos, ſed ex ſua miſeri¬

238 866 694 34 cordia ſeruauſtnos, &c. His locis clarẽ & per plures circumſtantias in negocio ſalu¬

238 886 694 43 tis noſtræ conſiderandas, explanatur, quid præſenti loco Apoſtolus nomine gratiæ

238 908 117 31 velit intelligi.

260 938 674 26 Exuberauit, ὑπερεπλεόνασι.) Elegans compoſitio ad ſignificandum inſignem, ad¬

238 950 695 35 mirabilem, & ſuperabundantem gratiam. Atque hoc loco mirificè amplificatur Dei

238 974 694 32 gratia, quæ Amplificatio alibi tribus potiſsimum ex cauſis colligitur atque illuſtrat̃.

243 999 691 32 1. Quòd per ſeſe ampliſsima ſit in ipſo Deo. Ad Epheſ.1. dicitur, quòd in Deo ſint

242 1016 692 34 diuitiæ gratiæ. Et Deus pater 2. ad Corinth.1. pater miſericordiarum appellatur. De

245 1036 685 41 filio autem lohan.1. Conſpeximus gloriam eius gloriam uelut unigeniti à patre, ple¬

239 1059 191 31 nus gratiæ & ueritatis.

238 1088 694 25 2. Quôd Deus largiſsimè impendat ſuam gratiam hominibus eandem́ ſemper au

238 1102 692 33 geat. ad Epheſ.I. Per quem habemus remiſsionem peccatorum iuxta diuitias gra¬

238 1122 692 35 diæ ſuæ, de qua ubertim impartiuit nobis in omni Sapientia ac prudentia. Iohan.1.

238 1144 694 35 De plenitudine eius nos omnes accepimus, & gratiam pro gratia. 1. Petri 1. Perfectè

246 1165 592 37 ſperate in eam, quæ ad uos defertur, gratiam, dum patefiat leſus Chriſtus.

247 1197 686 28 3. Amplificatur gratia Dei, quando confertur hominibus, qui ob peccata æterne

238 1209 691 36 damnationis omnes rei ſunt. ad Roman.5. Si per unius delictum mors regnauit per

245 1234 688 32 unum, multò magis ij qui exuberantiam gratiæ & doni iuſtitiæ accipiunt, per uitam

247 1256 676 51 egnabunt autore uno leſu Chriſto. Ibidem. Vbſ exuberauit peccatum, ibimage

833 1284 100 41 exuberauit
