1000 1564
216 149 14 25 82

214 172 697 19 anima. Auguſtinus in lohan. tractat. 27. Varij, inquit, inueniuntur nuc, qui lingua blal¬

213 185 700 31 phemant Chriſtum, permulti qui uita. Loquitur de his, qui Chriſtianos ſe eſſe uerbis

214 207 699 27 quidem profitentur, uitam uerò uiuunt Chriſtianis planè indignam, & magna prębent

213 225 695 31 offendicula: quales hodie quo permultos uidemus, qui inter blaſphemos cenſerino

213 249 696 28 lunt, quamdiu ore blaſphemias in Deum nullas effundunt. Cęterùm uehementer au¬

214 271 698 31 getur blaſphemia uerbis commiſſa, quãdo accedunt execrationes, deteſtationes, per¬

214 293 699 26 iuria, conuicia aperta in Deum, atq id genus, quæ ex ſonte incredulitatis, & ex per¬

213 311 700 30 turbatis per ineredulitatem affectibus ſolent erumpere. Ac poſſunt hæc inter blaſphe¬

213 333 700 31 mię affinia numerari. Petrus Matth.2o.negans Chriſtum ſibi eſſe notum, addidit periu¬

213 352 699 32 rium & execrationem. Horrenda fuit hlaſphemia luliani, qui non ſolùm negauit Chri¬

214 377 698 28 ſtum eſſe Deum, contra confeſsionem antea à ſe editam, uerum etiam conuicijs eſt in¬

215 399 698 28 ſectatus, maximè cùm uulneratum ſe ad mortem cernens de ſanguine proprio quantũ

215 422 696 27 manu exceperat, in cœlum proijceret, & contumeliosè aduerſus Chriſtum clamaret,

215 437 698 33 uiciſti Galiſæe: Tripart: hiſtor:lib.6.cap.47.Et Theodoreti lib.3.cap.25. Grauiſsimè ue¬

214 463 699 28 rò peccant hæretici, qui uerbis blaſphemiam perpetrant, quoniam ſermocinando ac

214 484 699 28 docẽdo diſſeminãt uirus hęreſeos, qui aliàs factis & externis moribus ſic norũt ſe cõ¬

215 506 696 31 ponere, tãquam ſi ſanctimonia inſigni olérent, & ædificare magis quã deſtruere habe¬

215 528 695 28 rẽt in animo. Intellige autem hæreticos, qui uerè tales ſunt, hoc eſt, qui perperam de re¬

214 550 697 29 ligione & negotijs fidei diſlerũt Deinde, poſtquã ſacris literis conuſcti fuerint erroris,

215 568 695 34 pertinaciter adhuc defendunt impia placita, atq alios quoq; in ſuam pertrahunt ſen¬

203 589 709 28 „ tentiam, ſectas́ faciũt. 1.ad Timoth.1. Nõnulli circa fidem naufragium ſecerunt, quo¬

205 616 707 23 „ rum de numero eſt Hymonæus & Alexander, quos tradidi Satanæ, ut diſcãt nõ Βλασ¬

215 632 696 33 φνμο͂ν, maledicere.2.ad Timoth.3.ubi deſcribit hæreticos reſiſtẽtes ueritati, mẽte cor¬

215 656 698 27 ruptos, reprobos circa fidem, uocat eoſdẽ ſui amãtes, faſtuoſos, blaſphemos ſiue ma¬

214 674 699 35 ledicos. Quod́ alij per eos abducãtur ad blaſphemandum, unde exaggeratur illorũ

200 695 712 35 „ peccatũ, liquet. 2. Petri2. Quidam, inquit, falſi doctores clam inducunt ſectas perni¬

200 719 712 31 „ cioſas & ſibi ipſis accerſunt celerem interitum, & pleri ſequuntur illorum exitium,

200 742 713 27 „ per quos uia ueritatis Βλασφυμιθήσεται, id eſt, maledictis inceſsitur. Quòd ſi rẽ eò de¬

215 762 698 28 duxerint, ut ſeceſsionis à uera eccleſia ſint autores, tunc etiã factis blaſphemant. Vide

216 784 697 29 quomodo nõnunquam à paruis initijs in multa grauiſsima peccata hæretici ſeſe præ¬

215 805 700 29 cipitẽt. Porrò blaſphemia factis cõmiſſa grauior fit, quãdo peccatum eiuſmodi eſt, ut

215 828 699 26 poſtquã in lucem protrahitur, alij occaſionem blaſphemandi, id eſt, malè loquendi de

215 848 699 32 Deo, de ſyncera religione accipiãnt.2.Samuel.12. Dauidi, quia adulterio ſuo dederat

215 866 698 32 hoſtibus occaſionem malè loquendi de lſraele denũciat Nathan, puerum ex adulterio

216 889 697 32 genitum moriturum. Ad Roman.2.ad ludæos impiè uiuentes. Qui de lege gloriaris,

215 909 698 35 per legis tranſgreſsionẽ Deũ de honeſtas. Nam nomẽ Dei propter uos Βλασφνμῶται,

216 934 698 28 malè audit inter gentes. 1.ad Timoth.6. Quicun ſub iugo ſunt ſerui, ſuos dominos o¬

215 953 699 30 mni honore dignos ducant, ne nomen Dei & doctrina Βλασφνμο͂ταε, id eſt, malé au¬

221 976 692 31 diat. Eſt proinde ualdè neceſſarium, ut de non dando offendiculo ac de præcauenda

221 995 691 33 cauſa blaſphemiæ homines frequẽter admoneantur publicè in eccleſijs, cum perpau¬

224 1015 689 34 ei ſint, qui intelligant, & quid propriũ ſit blaſphemia, & quàm graue ſit peccatum, qua

219 1040 697 32 ta ſecum mala trahat. lam ex his, quæ hucus́ dicta ſunt, perſpicua redditur poſtres

221 1058 694 35 ma particula in definitione poſita, nempe quod gloria Dei dictis factis́ blaſphemis

221 1081 692 33 apud nos obſcuratur. Notatur uerò hîc cauſa finalis ſiue effectus blaſphemię. Deo qui¬

225 1100 688 35 dẽ nõ poteſt de gloria quicquã detrahi: neceſſe em̃ eſt, maieſtatẽ ac gloriã cius, quãta

222 1126 691 31 fuit ab ęterno, inuiolabilẽ ſemper manere. Attamen in hominum animis, qui dictis fa¬

222 1148 691 31 ctis́ blaſphemãtium permouentur, tacitè naſcitur quidam Dei contemptus: Ex quo

224 1169 691 31 fit, ut de Deo nũquam tàm honorificè deinceps ſentiant, quàm debeant. Ex cõtemptu

224 1191 689 28 autem Dei & falſis opinionibus alia mox erumptunt horrenda peccata, ueluti temeri¬

222 1210 691 28 tas in peccando, oppugnatio agnitæ ueritatis, mentis excæcatio, perſeuerantia in ma¬

225 1235 693 27 lo, cordis obduratio, deni & deſperatio. Sic namque uelut per gradus quoſdam ad

221 1255 696 30 mala extrema progreſsio fit, & plurima conſequuntur ex ſeſe mutuo, perinde atque

222 1275 696 40 effecta comitantur cauſſas. Quinetiam punit Deus peccata peccatis, & blaſphemiam

383 139 380 32 IN I. EPIST. D. PAVLI

159 969 57 38 Effectus

135 987 73 36 blaſpemi¬

135 1008 78 38 fue cauſſ

137 1033 54 27 finalis.

137 1050 78 28 Obſcuratio

135 1068 80 33 gloriæ De

134 1089 81 34 inter bomis

136 1112 51 27 nes.

136 1122 81 34 Dei gloria

136 1146 81 34 per ſe ſem¬

138 1167 79 32 per malet

135 1187 82 25 inuiolabilis:

135 1206 82 28 reſpectu aũ

138 1226 79 28 blaſpemãtiũ

136 1245 80 27 in cõtempti

136 1264 81 26 du citur apuc

138 1285 69 53 bemnes.

835 1301 82 37 blaſphe¬
